timestamp,USD_bid,USD_ask,EUR_bid,EUR_ask,GBP_bid,GBP_ask
2025-01-01 09:00:00,3.9721,4.0548,4.3072,4.387,5.1638,5.2609
2025-01-01 09:00:02,3.9449,4.0394,4.3155,4.4002,4.9954,5.089
2025-01-01 09:00:04,4.0323,4.1078,4.2907,4.3789,5.0225,5.1343
2025-01-01 09:00:06,3.8029,3.8769,4.229,4.3024,5.0346,5.1348
2025-01-01 09:00:08,3.8816,3.9575,4.2796,4.3481,4.9586,5.0619
2025-01-01 09:00:10,3.9331,4.0186,4.2789,4.3728,5.0003,5.0976
2025-01-01 09:00:12,3.9995,4.0739,4.2238,4.3136,5.0968,5.2
2025-01-01 09:00:14,3.9618,4.0302,4.2872,4.3807,5.0861,5.1786
2025-01-01 09:00:16,3.8187,3.8966,4.235,4.33,5.0395,5.1357
2025-01-01 09:00:18,3.9911,4.0766,4.2782,4.3719,5.0691,5.1732
2025-01-01 09:00:20,3.9346,4.0214,4.2757,4.3604,4.9985,5.091
2025-01-01 09:00:22,4.0063,4.0968,4.3697,4.4469,5.0859,5.1845
2025-01-01 09:00:24,3.9151,4.0039,4.2708,4.351,4.9763,5.0791
2025-01-01 09:00:26,4.0139,4.0941,4.2846,4.3616,5.0565,5.1665
2025-01-01 09:00:28,3.8913,3.9604,4.2071,4.2958,4.9319,5.0322
2025-01-01 09:00:30,3.8985,3.9849,4.2464,4.3249,4.9902,5.0941
2025-01-01 09:00:32,3.9245,4.0116,4.2996,4.3873,4.9983,5.1016
2025-01-01 09:00:34,3.8926,3.97,4.2294,4.3081,4.9284,5.0181
2025-01-01 09:00:36,3.8858,3.9553,4.2526,4.3368,4.996,5.0966
2025-01-01 09:00:38,3.9537,4.0338,4.2879,4.3716,5.077,5.1893
2025-01-01 09:00:40,3.8859,3.9682,4.2337,4.313,5.0472,5.1571
2025-01-01 09:00:42,3.9812,4.0646,4.2741,4.3476,4.9618,5.0636
2025-01-01 09:00:44,3.9979,4.078,4.2855,4.3737,4.9933,5.0968
2025-01-01 09:00:46,3.9654,4.0363,4.3346,4.4194,5.0409,5.1363
2025-01-01 09:00:48,3.964,4.0395,4.2593,4.3379,4.9547,5.0452
2025-01-01 09:00:50,4.0272,4.0994,4.2867,4.3753,5.0082,5.1061
2025-01-01 09:00:52,4.0389,4.1213,4.2424,4.332,5.1231,5.2308
2025-01-01 09:00:54,3.8383,3.9003,4.2376,4.3195,5.033,5.1404
2025-01-01 09:00:56,3.8019,3.8773,4.2325,4.3138,5.0136,5.1152
2025-01-01 09:00:58,3.849,3.9362,4.2497,4.3292,5.0195,5.128
2025-01-01 09:01:00,3.8744,3.9512,4.2096,4.2931,4.9222,5.0216
2025-01-01 09:01:02,3.9968,4.0779,4.3056,4.3869,5.0295,5.1209
2025-01-01 09:01:04,4.0358,4.1102,4.2734,4.3484,5.1246,5.2302
2025-01-01 09:01:06,4.0194,4.0959,4.2227,4.3005,5.1009,5.1995
2025-01-01 09:01:08,3.8574,3.9506,4.2673,4.3469,5.0704,5.1745
2025-01-01 09:01:10,3.9917,4.0684,4.3255,4.4202,5.0713,5.1801
2025-01-01 09:01:12,3.9651,4.0406,4.2873,4.3593,4.998,5.0858
2025-01-01 09:01:14,3.9455,4.0113,4.2746,4.359,5.0055,5.1088
2025-01-01 09:01:16,4.0666,4.1376,4.2846,4.3567,5.1248,5.2376
2025-01-01 09:01:18,3.9725,4.0427,4.2913,4.3677,5.0172,5.1189
2025-01-01 09:01:20,4.0075,4.0854,4.249,4.3407,4.9741,5.0864
2025-01-01 09:01:22,3.9991,4.0761,4.2999,4.3885,5.0779,5.1797
2025-01-01 09:01:24,3.9556,4.036,4.2849,4.3818,5.0778,5.1745
2025-01-01 09:01:26,3.9526,4.0389,4.3132,4.4044,5.1435,5.2482
2025-01-01 09:01:28,3.9162,4.0006,4.2956,4.3827,4.9879,5.0947
2025-01-01 09:01:30,3.9769,4.0539,4.3076,4.3885,5.1634,5.279
2025-01-01 09:01:32,3.893,3.9924,4.2256,4.3113,4.9705,5.0709
2025-01-01 09:01:34,3.9999,4.085,4.3439,4.4324,5.081,5.1842
2025-01-01 09:01:36,3.8851,3.9701,4.2268,4.3037,4.9502,5.0434
2025-01-01 09:01:38,4.0277,4.1015,4.228,4.3084,5.1332,5.2355
2025-01-01 09:01:40,3.9234,3.9957,4.3,4.388,4.9841,5.0876
2025-01-01 09:01:42,3.9295,4.0258,4.2765,4.3697,5.0063,5.1131
2025-01-01 09:01:44,3.959,4.0354,4.2504,4.3286,5.0225,5.121
2025-01-01 09:01:46,3.9299,4.0066,4.2445,4.3295,4.9295,5.0352
2025-01-01 09:01:48,3.905,3.9716,4.2601,4.3334,4.9764,5.0717
2025-01-01 09:01:50,4.0453,4.1271,4.2567,4.3434,5.1172,5.2248
2025-01-01 09:01:52,3.9877,4.057,4.2829,4.3874,5.1474,5.2581
2025-01-01 09:01:54,3.9293,4.0081,4.3052,4.3896,5.0025,5.1075
2025-01-01 09:01:56,3.9447,4.0285,4.2397,4.3293,4.9335,5.0331
2025-01-01 09:01:58,3.8848,3.9671,4.2423,4.334,4.9896,5.0864
2025-01-01 09:02:00,4.0665,4.153,4.2183,4.3088,5.087,5.199
2025-01-01 09:02:02,3.951,4.0296,4.2565,4.3364,4.9537,5.0591
2025-01-01 09:02:04,3.8485,3.9135,4.2231,4.3106,4.9621,5.0516
2025-01-01 09:02:06,3.9099,3.9912,4.2496,4.3251,5.0409,5.1482
2025-01-01 09:02:08,3.9797,4.0551,4.309,4.3971,5.1713,5.2776
2025-01-01 09:02:10,4.0696,4.1505,4.2323,4.314,5.0959,5.2041
2025-01-01 09:02:12,4.0027,4.0803,4.2765,4.37,5.0108,5.1076
2025-01-01 09:02:14,3.8021,3.878,4.2198,4.3026,4.9577,5.0686
2025-01-01 09:02:16,3.9844,4.0635,4.332,4.4201,5.0726,5.1841
2025-01-01 09:02:18,4.1321,4.216,4.2989,4.386,5.1654,5.272
2025-01-01 09:02:20,3.8383,3.9112,4.2284,4.3101,4.9584,5.0538
2025-01-01 09:02:22,3.7975,3.8742,4.2271,4.3104,5.0711,5.1691
2025-01-01 09:02:24,3.9376,4.0292,4.2438,4.3329,4.9406,5.0323
2025-01-01 09:02:26,3.8867,3.9684,4.2647,4.3543,4.9676,5.0664
2025-01-01 09:02:28,4.0012,4.0859,4.3022,4.3818,5.0211,5.1348
2025-01-01 09:02:30,3.881,3.9688,4.2556,4.337,5.0657,5.1687
2025-01-01 09:02:32,3.9922,4.0728,4.3356,4.4179,5.0707,5.1708
2025-01-01 09:02:34,3.8485,3.9102,4.2412,4.3353,5.021,5.1256
2025-01-01 09:02:36,4.1368,4.2099,4.2912,4.3744,5.1684,5.2732
2025-01-01 09:02:38,3.955,4.0378,4.2776,4.3603,4.9872,5.0745
2025-01-01 09:02:40,3.9985,4.0765,4.2556,4.3398,4.9954,5.084
2025-01-01 09:02:42,3.9489,4.026,4.2707,4.3543,5.1242,5.2379
2025-01-01 09:02:44,3.8944,3.9676,4.269,4.3591,5.1176,5.2081
2025-01-01 09:02:46,3.9722,4.0436,4.3031,4.3933,5.1566,5.2624
2025-01-01 09:02:48,3.9651,4.0449,4.3199,4.4075,5.0398,5.1466
2025-01-01 09:02:50,4.005,4.0874,4.3018,4.3874,5.0226,5.1232
2025-01-01 09:02:52,3.8909,3.9617,4.2454,4.3245,5.0726,5.1778
2025-01-01 09:02:54,3.9978,4.079,4.3052,4.3866,5.0443,5.1436
2025-01-01 09:02:56,3.8932,3.975,4.242,4.3136,5.0276,5.1399
2025-01-01 09:02:58,3.887,3.97,4.2603,4.35,5.092,5.2068
2025-01-01 09:03:00,3.9329,4.0213,4.3087,4.3871,4.999,5.0888
2025-01-01 09:03:02,4.0226,4.1126,4.2288,4.3191,5.0905,5.1924
2025-01-01 09:03:04,4.0621,4.15,4.2292,4.3168,5.0876,5.1871
2025-01-01 09:03:06,3.9492,4.0346,4.2724,4.3578,4.9999,5.1016
2025-01-01 09:03:08,3.9499,4.0373,4.2635,4.3533,4.9756,5.0744
2025-01-01 09:03:10,3.8943,3.9802,4.2433,4.3231,5.0202,5.1342
2025-01-01 09:03:12,3.9766,4.055,4.2646,4.3551,5.0519,5.149
2025-01-01 09:03:14,3.9592,4.05,4.2882,4.3663,5.0227,5.1278
2025-01-01 09:03:16,3.8252,3.9082,4.2516,4.3408,5.06,5.1476
2025-01-01 09:03:18,3.8059,3.8825,4.2247,4.3106,5.013,5.1076
2025-01-01 09:03:20,3.8812,3.96,4.2385,4.3225,4.9726,5.0751
2025-01-01 09:03:22,4.0106,4.1009,4.2269,4.303,5.111,5.2203
2025-01-01 09:03:24,3.9926,4.0659,4.2178,4.2984,5.093,5.1972
2025-01-01 09:03:26,3.8134,3.8924,4.2397,4.3174,5.0109,5.1132
2025-01-01 09:03:28,3.8357,3.907,4.2423,4.3339,5.0394,5.1417
2025-01-01 09:03:30,3.9099,3.9896,4.2488,4.3304,4.9739,5.0817
2025-01-01 09:03:32,3.9406,4.0094,4.2807,4.3642,4.9903,5.0899
2025-01-01 09:03:34,3.9986,4.0811,4.3379,4.4412,5.0837,5.1813
2025-01-01 09:03:36,3.8948,3.9749,4.2772,4.3628,5.0979,5.19
2025-01-01 09:03:38,3.9436,4.0286,4.256,4.3365,4.9598,5.0548
2025-01-01 09:03:40,4.0633,4.1629,4.2208,4.3145,5.0955,5.2085
2025-01-01 09:03:42,3.8186,3.8846,4.2303,4.3195,5.0314,5.1179
2025-01-01 09:03:44,3.8824,3.9605,4.228,4.3036,4.9556,5.0527
2025-01-01 09:03:46,3.8211,3.9073,4.2601,4.3484,5.0544,5.163
2025-01-01 09:03:48,3.9317,4.0216,4.2779,4.3685,5.0154,5.1012
2025-01-01 09:03:50,3.9999,4.0836,4.3071,4.3879,5.0241,5.1269
2025-01-01 09:03:52,3.9491,4.026,4.2971,4.369,5.0218,5.1236
2025-01-01 09:03:54,3.885,3.963,4.2627,4.3407,4.9683,5.0748
2025-01-01 09:03:56,3.9285,4.001,4.242,4.322,5.007,5.1126
2025-01-01 09:03:58,4.0235,4.0913,4.3077,4.3862,5.0415,5.1491
2025-01-01 09:04:00,3.8034,3.8789,4.2346,4.3099,5.0439,5.1371
2025-01-01 09:04:02,3.9047,3.9808,4.2136,4.3022,4.9907,5.0847
2025-01-01 09:04:04,4.0155,4.0884,4.2245,4.3073,5.1061,5.2131
2025-01-01 09:04:06,4.0096,4.0992,4.2833,4.3745,5.015,5.1137
2025-01-01 09:04:08,3.8026,3.8708,4.2261,4.3201,5.0644,5.1764
2025-01-01 09:04:10,4.0532,4.143,4.3324,4.4197,5.1353,5.2391
2025-01-01 09:04:12,3.9598,4.0435,4.3265,4.4203,5.0304,5.1397
2025-01-01 09:04:14,3.8985,3.958,4.2144,4.304,4.9493,5.0431
2025-01-01 09:04:16,3.9974,4.0963,4.2921,4.3767,4.999,5.1006
2025-01-01 09:04:18,3.889,3.9643,4.2458,4.3381,4.9642,5.0785
2025-01-01 09:04:20,3.9507,4.0303,4.2785,4.3643,5.0029,5.097
2025-01-01 09:04:22,3.8905,3.9737,4.2355,4.3107,5.0042,5.0998
2025-01-01 09:04:24,3.9901,4.0749,4.3444,4.4301,5.0602,5.1588
2025-01-01 09:04:26,3.8925,3.9832,4.2433,4.3245,5.0361,5.1438
2025-01-01 09:04:28,3.8039,3.8836,4.2441,4.3206,4.9933,5.1058
2025-01-01 09:04:30,3.9022,3.9823,4.2714,4.3472,4.9934,5.088
2025-01-01 09:04:32,3.9398,4.0229,4.256,4.3416,5.0317,5.1299
2025-01-01 09:04:34,3.9875,4.0623,4.2615,4.3357,5.0478,5.1519
2025-01-01 09:04:36,3.9975,4.0856,4.3005,4.3892,5.0296,5.1406
2025-01-01 09:04:38,3.9212,3.9977,4.2583,4.3408,4.9996,5.1021
2025-01-01 09:04:40,4.0684,4.148,4.2294,4.3096,5.1049,5.2168
2025-01-01 09:04:42,3.9626,4.0269,4.2801,4.3686,5.0774,5.1909
2025-01-01 09:04:44,3.9345,4.0059,4.3013,4.3781,4.9972,5.095
2025-01-01 09:04:46,3.8852,3.9676,4.2074,4.2978,4.9699,5.064
2025-01-01 09:04:48,3.9762,4.0591,4.3078,4.3903,5.1612,5.2736
2025-01-01 09:04:50,4.0213,4.1072,4.2748,4.36,4.9455,5.0501
2025-01-01 09:04:52,3.9215,3.9866,4.2431,4.3321,5.0244,5.1425
2025-01-01 09:04:54,3.9123,4.0048,4.2446,4.3416,5.0563,5.1667
2025-01-01 09:04:56,3.9715,4.0579,4.3146,4.4064,5.039,5.1371
2025-01-01 09:04:58,3.9717,4.0536,4.2664,4.3431,4.9458,5.0437
2025-01-01 09:05:00,3.9177,3.9958,4.2958,4.3801,4.9845,5.0809
2025-01-01 09:05:02,4.066,4.1459,4.266,4.3632,5.1157,5.204
2025-01-01 09:05:04,4.029,4.1066,4.2939,4.3682,5.0148,5.1137
2025-01-01 09:05:06,3.8866,3.9667,4.248,4.3359,5.077,5.1771
2025-01-01 09:05:08,3.8979,3.9798,4.2509,4.3354,5.045,5.1495
2025-01-01 09:05:10,4.0557,4.1476,4.272,4.3621,5.1324,5.2315
2025-01-01 09:05:12,3.9009,3.9831,4.2239,4.309,4.9175,5.0241
2025-01-01 09:05:14,3.8521,3.9264,4.2503,4.3336,5.0167,5.1179
2025-01-01 09:05:16,4.0065,4.0982,4.3604,4.4499,5.0835,5.1808
2025-01-01 09:05:18,3.8263,3.9108,4.2149,4.3027,4.9487,5.0655
2025-01-01 09:05:20,4.0095,4.1057,4.2194,4.3094,5.0995,5.2042
2025-01-01 09:05:22,3.8062,3.8798,4.2395,4.3185,5.0394,5.1225
2025-01-01 09:05:24,3.8959,3.9783,4.2149,4.2913,4.9939,5.0913
2025-01-01 09:05:26,3.8176,3.8945,4.247,4.3221,4.9809,5.0861
2025-01-01 09:05:28,4.0607,4.1325,4.2295,4.3068,5.0949,5.2054
2025-01-01 09:05:30,4.0604,4.1426,4.217,4.3151,5.0966,5.204
2025-01-01 09:05:32,3.9365,4.0065,4.3,4.3985,4.9921,5.0858
2025-01-01 09:05:34,3.9022,3.9844,4.2522,4.3453,4.9678,5.0754
2025-01-01 09:05:36,4.005,4.0876,4.2829,4.3603,4.9944,5.1008
2025-01-01 09:05:38,4.0128,4.1062,4.3001,4.3944,5.0394,5.145
2025-01-01 09:05:40,3.9255,4.009,4.2485,4.3334,5.0366,5.1408
2025-01-01 09:05:42,3.9275,4.0064,4.2487,4.336,5.0517,5.1431
2025-01-01 09:05:44,3.9732,4.0512,4.2718,4.3566,5.0113,5.1111
2025-01-01 09:05:46,4.0699,4.1587,4.2792,4.3574,5.1293,5.2246
2025-01-01 09:05:48,3.9803,4.048,4.3268,4.4156,5.0769,5.1758
2025-01-01 09:05:50,3.9956,4.076,4.3011,4.3848,5.0856,5.1838
2025-01-01 09:05:52,3.8801,3.9607,4.2097,4.2853,4.9892,5.0814
2025-01-01 09:05:54,3.9571,4.0336,4.2764,4.3698,4.9983,5.0955
2025-01-01 09:05:56,4.0281,4.1122,4.2494,4.346,5.1122,5.2131
2025-01-01 09:05:58,3.9297,4.016,4.2377,4.3301,5.0452,5.1345
2025-01-01 09:06:00,3.9238,4.0125,4.2421,4.3302,5.0289,5.1447
2025-01-01 09:06:02,3.9298,4.0096,4.3008,4.383,4.9998,5.0948
2025-01-01 09:06:04,4.0024,4.081,4.3434,4.4386,5.0615,5.1578
2025-01-01 09:06:06,3.9576,4.0236,4.2941,4.3766,5.024,5.1272
2025-01-01 09:06:08,3.8868,3.9776,4.2045,4.2934,4.9741,5.0829
2025-01-01 09:06:10,4.0605,4.1505,4.3142,4.4091,5.0535,5.1625
2025-01-01 09:06:12,3.9351,4.015,4.2596,4.3454,5.1217,5.2201
2025-01-01 09:06:14,3.8799,3.9657,4.301,4.3843,4.9476,5.0336
2025-01-01 09:06:16,3.9493,4.0413,4.3007,4.401,5.1006,5.2072
2025-01-01 09:06:18,3.9783,4.0472,4.2783,4.36,5.0118,5.1177
2025-01-01 09:06:20,4.0162,4.0853,4.2926,4.3786,5.0572,5.165
2025-01-01 09:06:22,3.9698,4.0507,4.3144,4.4041,5.0303,5.1343
2025-01-01 09:06:24,3.8795,3.9669,4.2109,4.2943,4.93,5.0308
2025-01-01 09:06:26,3.9302,4.0151,4.2845,4.3548,5.0056,5.0951
2025-01-01 09:06:28,3.952,4.0208,4.2688,4.363,4.9763,5.0783
2025-01-01 09:06:30,3.892,3.9665,4.2164,4.3071,5.0024,5.0924
2025-01-01 09:06:32,3.9544,4.0348,4.3151,4.4031,5.1515,5.2523
2025-01-01 09:06:34,3.973,4.0652,4.2874,4.3542,5.0424,5.1456
2025-01-01 09:06:36,3.9815,4.064,4.3153,4.3973,5.0445,5.1453
2025-01-01 09:06:38,3.887,3.9678,4.2143,4.2872,4.9367,5.0352
2025-01-01 09:06:40,3.944,4.0088,4.2978,4.3942,4.9863,5.0924
2025-01-01 09:06:42,4.016,4.0943,4.2299,4.3054,5.1115,5.217
2025-01-01 09:06:44,3.8932,3.9763,4.2228,4.31,4.9952,5.1044
2025-01-01 09:06:46,3.8892,3.9774,4.2234,4.3033,4.9849,5.1012
2025-01-01 09:06:48,4.0068,4.0926,4.3578,4.4508,5.0834,5.1892
2025-01-01 09:06:50,3.7678,3.8523,4.2164,4.3065,5.0548,5.1538
2025-01-01 09:06:52,3.8244,3.9058,4.2396,4.3224,5.0258,5.117
2025-01-01 09:06:54,3.966,4.0511,4.2959,4.3888,5.1652,5.2554
2025-01-01 09:06:56,4.0682,4.1503,4.2332,4.3128,5.0935,5.186
2025-01-01 09:06:58,4.0388,4.1304,4.2691,4.3421,5.1238,5.2241
2025-01-01 09:07:00,3.7982,3.8806,4.2249,4.3162,5.0663,5.1626
2025-01-01 09:07:02,3.9118,3.9965,4.2525,4.3356,5.0441,5.1495
2025-01-01 09:07:04,3.8909,3.9745,4.251,4.3377,5.1017,5.2007
2025-01-01 09:07:06,3.8272,3.8979,4.2363,4.3182,5.0297,5.1386
2025-01-01 09:07:08,3.9534,4.0351,4.2869,4.3761,5.0825,5.1751
2025-01-01 09:07:10,3.9436,4.0228,4.2782,4.3596,4.9732,5.0767
2025-01-01 09:07:12,4.0269,4.1109,4.3656,4.4526,5.0898,5.1868
2025-01-01 09:07:14,3.9883,4.0711,4.3208,4.4228,5.0755,5.1746
2025-01-01 09:07:16,3.9099,3.9849,4.2659,4.3445,4.9896,5.0888
2025-01-01 09:07:18,3.9795,4.0717,4.2849,4.3751,5.0759,5.1811
2025-01-01 09:07:20,3.8927,3.9812,4.231,4.3052,4.9213,5.0204
2025-01-01 09:07:22,3.8086,3.8787,4.2233,4.3098,4.9565,5.0544
2025-01-01 09:07:24,3.945,4.0306,4.2608,4.3501,5.0249,5.1267
2025-01-01 09:07:26,3.9215,3.9915,4.2728,4.3504,4.9874,5.0708
2025-01-01 09:07:28,4.0125,4.1029,4.2242,4.311,5.1054,5.2163
2025-01-01 09:07:30,3.938,4.0156,4.2551,4.347,5.0142,5.117
2025-01-01 09:07:32,4.0124,4.1015,4.3227,4.4008,5.172,5.2804
2025-01-01 09:07:34,3.9234,4.0065,4.2346,4.3256,4.9409,5.045
2025-01-01 09:07:36,4.0704,4.1606,4.2861,4.3667,5.1344,5.2365
2025-01-01 09:07:38,3.9354,4.0204,4.2858,4.362,5.0016,5.1148
2025-01-01 09:07:40,3.9259,4.0164,4.2519,4.3351,5.0486,5.1465
2025-01-01 09:07:42,4.0151,4.1074,4.3126,4.3974,5.1751,5.2757
2025-01-01 09:07:44,3.8474,3.9342,4.2561,4.3432,5.1045,5.2075
2025-01-01 09:07:46,4.0047,4.0891,4.2888,4.3681,5.0181,5.1149
2025-01-01 09:07:48,3.8475,3.9242,4.2363,4.3252,5.0224,5.1234
2025-01-01 09:07:50,3.9678,4.047,4.3161,4.402,5.0414,5.1413
2025-01-01 09:07:52,3.9847,4.0588,4.3325,4.4254,5.0798,5.1811
2025-01-01 09:07:54,3.9717,4.0542,4.3058,4.3931,5.1633,5.2714
2025-01-01 09:07:56,3.971,4.0434,4.2695,4.3524,4.9479,5.0403
2025-01-01 09:07:58,3.8661,3.951,4.2152,4.2958,5.029,5.1284
2025-01-01 09:08:00,3.8978,3.9776,4.2762,4.3533,5.1087,5.2005
2025-01-01 09:08:02,3.8908,3.9664,4.2445,4.3377,5.0757,5.1788
2025-01-01 09:08:04,4.0076,4.0825,4.318,4.4082,5.0815,5.1806
2025-01-01 09:08:06,3.9337,4.0147,4.2821,4.3654,5.0059,5.108
2025-01-01 09:08:08,3.8064,3.8743,4.2234,4.3088,5.0144,5.1093
2025-01-01 09:08:10,3.9499,4.026,4.2439,4.3403,4.9581,5.0479
2025-01-01 09:08:12,3.981,4.0579,4.2861,4.3618,5.0182,5.1188
2025-01-01 09:08:14,3.9822,4.0601,4.2276,4.3239,4.9575,5.0503
2025-01-01 09:08:16,3.9017,3.982,4.2395,4.3209,5.0335,5.1477
2025-01-01 09:08:18,3.8797,3.951,4.2509,4.3355,4.9676,5.0689
2025-01-01 09:08:20,3.8852,3.9744,4.249,4.3302,4.9815,5.0819
2025-01-01 09:08:22,4.0045,4.0735,4.2969,4.3888,5.0375,5.1433
2025-01-01 09:08:24,3.8771,3.9635,4.2101,4.2965,4.9199,5.0257
2025-01-01 09:08:26,3.8257,3.9103,4.2352,4.3131,5.0175,5.1165
2025-01-01 09:08:28,4.013,4.099,4.2155,4.3029,5.1227,5.2142
2025-01-01 09:08:30,3.9046,3.9785,4.249,4.3403,4.9764,5.0736
2025-01-01 09:08:32,3.9552,4.0378,4.2522,4.3331,5.0134,5.1187
2025-01-01 09:08:34,3.9371,4.0188,4.2872,4.3722,5.0074,5.1054
2025-01-01 09:08:36,3.9657,4.0496,4.2599,4.3573,4.9457,5.0515
2025-01-01 09:08:38,3.9906,4.0712,4.2774,4.3717,5.057,5.1577
2025-01-01 09:08:40,4.1305,4.2072,4.2919,4.3861,5.1642,5.2756
2025-01-01 09:08:42,3.9233,3.9987,4.2522,4.3298,5.0215,5.1218
2025-01-01 09:08:44,4.0299,4.1066,4.247,4.3326,5.1239,5.2138
2025-01-01 09:08:46,3.7902,3.8637,4.2311,4.3166,5.0808,5.1753
2025-01-01 09:08:48,3.9422,4.0391,4.2489,4.3355,4.9702,5.0741
2025-01-01 09:08:50,4.0088,4.0995,4.2217,4.3125,5.1125,5.2205
2025-01-01 09:08:52,3.9341,4.0196,4.2742,4.3578,4.9973,5.1032
2025-01-01 09:08:54,3.9011,3.9832,4.2501,4.3344,4.9753,5.0711
2025-01-01 09:08:56,3.9315,4.0125,4.2459,4.3351,5.0257,5.1325
2025-01-01 09:08:58,4.0345,4.1144,4.3223,4.4015,5.1071,5.1988
2025-01-01 09:09:00,3.9337,4.0108,4.3233,4.4013,5.0164,5.1309
2025-01-01 09:09:02,3.9539,4.0322,4.2786,4.3605,5.1276,5.2292
2025-01-01 09:09:04,3.9907,4.0727,4.3083,4.3891,5.1678,5.2788
2025-01-01 09:09:06,3.8539,3.9355,4.2168,4.2889,5.0174,5.1168
2025-01-01 09:09:08,3.9322,4.0194,4.3177,4.408,4.9699,5.0732
2025-01-01 09:09:10,3.9522,4.0286,4.2672,4.3515,4.9873,5.0974
2025-01-01 09:09:12,3.9115,3.989,4.2271,4.3182,4.9198,5.0254
2025-01-01 09:09:14,4.0257,4.1135,4.3087,4.3963,5.1676,5.2773
2025-01-01 09:09:16,3.9157,3.9929,4.2488,4.3338,5.0324,5.129
2025-01-01 09:09:18,3.905,3.9764,4.2556,4.3398,4.9746,5.0719
2025-01-01 09:09:20,3.8661,3.946,4.2158,4.2948,5.0043,5.1051
2025-01-01 09:09:22,4.0719,4.1622,4.2301,4.3157,5.102,5.2019
2025-01-01 09:09:24,3.9746,4.0505,4.3161,4.4041,5.0428,5.1394
2025-01-01 09:09:26,3.9572,4.0284,4.2791,4.3593,5.1356,5.2218
2025-01-01 09:09:28,3.9479,4.0278,4.2729,4.3626,5.0004,5.1078
2025-01-01 09:09:30,3.9161,3.9927,4.2597,4.3451,4.9754,5.082
2025-01-01 09:09:32,3.8957,3.976,4.2248,4.3089,4.93,5.0231
2025-01-01 09:09:34,3.895,3.9849,4.2312,4.3306,4.9779,5.0805
2025-01-01 09:09:36,3.8968,3.9728,4.2474,4.3316,4.9908,5.098
2025-01-01 09:09:38,3.9283,4.0011,4.2561,4.3341,5.0466,5.1372
2025-01-01 09:09:40,3.9215,4.0076,4.2427,4.3214,4.9452,5.0447
2025-01-01 09:09:42,3.8944,3.9634,4.2561,4.3259,5.0773,5.1868
2025-01-01 09:09:44,4.066,4.1514,4.2284,4.3148,5.0941,5.1987
2025-01-01 09:09:46,3.9175,4.0083,4.3117,4.403,5.0228,5.1259
2025-01-01 09:09:48,3.9133,3.9899,4.277,4.3643,4.9816,5.0864
2025-01-01 09:09:50,3.8865,3.9526,4.2452,4.3182,4.9792,5.0776
2025-01-01 09:09:52,3.9671,4.0457,4.2696,4.363,5.0122,5.1186
2025-01-01 09:09:54,3.9998,4.0906,4.2786,4.3761,5.0017,5.1015
2025-01-01 09:09:56,3.9555,4.0319,4.3073,4.396,4.9887,5.0834
2025-01-01 09:09:58,3.8963,3.9653,4.2634,4.3455,5.0854,5.1967
2025-01-01 09:10:00,3.9042,3.9871,4.2336,4.3202,4.9775,5.0775
2025-01-01 09:10:02,4.0532,4.1278,4.2203,4.2979,5.0937,5.1893
2025-01-01 09:10:04,3.924,4.0091,4.2617,4.3552,5.1157,5.228
2025-01-01 09:10:06,4.0051,4.0947,4.2793,4.3613,5.0765,5.1619
2025-01-01 09:10:08,3.9109,3.9854,4.2413,4.3451,5.0012,5.0991
2025-01-01 09:10:10,3.8999,3.9825,4.2436,4.324,5.0376,5.1331
2025-01-01 09:10:12,4.0361,4.1097,4.2543,4.3456,5.121,5.2175
2025-01-01 09:10:14,3.8516,3.9176,4.2522,4.3272,5.0275,5.1217
2025-01-01 09:10:16,3.8028,3.8688,4.2388,4.3196,5.0375,5.147
2025-01-01 09:10:18,4.0314,4.106,4.3198,4.4141,5.1102,5.2113
2025-01-01 09:10:20,3.8898,3.9682,4.2259,4.3018,5.0032,5.1053
2025-01-01 09:10:22,3.9269,4.0015,4.2478,4.3324,5.0438,5.1429
2025-01-01 09:10:24,3.8857,3.9683,4.2663,4.3471,5.0895,5.1881
2025-01-01 09:10:26,3.9437,4.028,4.2754,4.3541,5.1247,5.2288
2025-01-01 09:10:28,3.8756,3.9686,4.2679,4.349,5.0849,5.1896
2025-01-01 09:10:30,3.9265,4.0066,4.2388,4.3283,4.9457,5.0419
2025-01-01 09:10:32,3.8969,3.9752,4.2715,4.3596,5.0997,5.2077
2025-01-01 09:10:34,3.9896,4.0692,4.2732,4.3527,5.0407,5.1325
2025-01-01 09:10:36,3.9961,4.071,4.2854,4.3754,5.0573,5.1653
2025-01-01 09:10:38,3.8804,3.9787,4.2288,4.3143,4.934,5.0226
2025-01-01 09:10:40,3.9538,4.0519,4.3324,4.42,5.0584,5.1677
2025-01-01 09:10:42,3.897,3.9754,4.2705,4.3572,5.1011,5.202
2025-01-01 09:10:44,3.9132,3.9938,4.3025,4.3856,4.9916,5.0888
2025-01-01 09:10:46,3.9451,4.0168,4.3061,4.3951,4.9897,5.0842
2025-01-01 09:10:48,3.8772,3.9547,4.2041,4.2954,4.9176,5.0189
2025-01-01 09:10:50,3.7993,3.87,4.2312,4.3199,5.0304,5.1313
2025-01-01 09:10:52,3.903,3.9853,4.2534,4.3411,4.9811,5.0827
2025-01-01 09:10:54,3.822,3.9015,4.229,4.3164,5.0208,5.1321
2025-01-01 09:10:56,3.9076,3.9832,4.2384,4.3159,4.924,5.0167
2025-01-01 09:10:58,3.9504,4.0317,4.2396,4.3355,4.9336,5.0377
2025-01-01 09:11:00,4.0235,4.111,4.3067,4.3974,5.171,5.2708
2025-01-01 09:11:02,3.9253,4.005,4.2942,4.389,4.9912,5.1
2025-01-01 09:11:04,4.0071,4.0934,4.2951,4.383,5.0589,5.1408
2025-01-01 09:11:06,3.9898,4.0695,4.2655,4.3513,5.0488,5.1472
2025-01-01 09:11:08,4.0378,4.1195,4.2962,4.3829,5.0282,5.1307
2025-01-01 09:11:10,4.0094,4.095,4.3008,4.3836,5.0411,5.1351
2025-01-01 09:11:12,4.0701,4.1466,4.2716,4.3643,5.132,5.2199
2025-01-01 09:11:14,3.7825,3.8656,4.2249,4.3078,5.0734,5.172
2025-01-01 09:11:16,3.9121,3.999,4.2428,4.3303,5.0173,5.1176
2025-01-01 09:11:18,3.8863,3.9497,4.2342,4.3253,4.9489,5.0546
2025-01-01 09:11:20,3.952,4.0385,4.2766,4.3709,4.9942,5.0864
2025-01-01 09:11:22,4.0606,4.1437,4.3395,4.4294,5.1441,5.2422
2025-01-01 09:11:24,3.9099,3.9889,4.2485,4.3244,4.9789,5.0807
2025-01-01 09:11:26,3.9987,4.0689,4.2964,4.3906,5.1702,5.279
2025-01-01 09:11:28,4.0077,4.0883,4.2793,4.3694,5.012,5.1084
2025-01-01 09:11:30,3.9392,4.0242,4.2563,4.3479,4.977,5.0735
2025-01-01 09:11:32,3.8875,3.9636,4.219,4.3075,4.9258,5.0309
2025-01-01 09:11:34,3.9132,3.9937,4.249,4.3511,4.9996,5.1026
2025-01-01 09:11:36,4.0661,4.142,4.2255,4.3204,5.1019,5.2136
2025-01-01 09:11:38,3.9382,4.0252,4.2766,4.3672,5.0047,5.1082
2025-01-01 09:11:40,4.0777,4.1691,4.2944,4.3902,5.1641,5.2604
2025-01-01 09:11:42,3.9537,4.0342,4.2837,4.3687,4.9966,5.1053
2025-01-01 09:11:44,3.9151,4.0012,4.2444,4.3309,5.0228,5.1207
2025-01-01 09:11:46,3.9763,4.0493,4.3183,4.4079,5.0343,5.1311
2025-01-01 09:11:48,3.9403,4.0195,4.2769,4.3701,5.0158,5.1171
2025-01-01 09:11:50,4.0618,4.1389,4.2986,4.3908,5.1642,5.2683
2025-01-01 09:11:52,3.9055,3.968,4.2762,4.3624,5.1065,5.2014
2025-01-01 09:11:54,4.015,4.0807,4.3001,4.3897,5.0344,5.1372
2025-01-01 09:11:56,3.9771,4.0589,4.2555,4.3441,5.0465,5.1532
2025-01-01 09:11:58,3.9523,4.0281,4.3051,4.3827,5.1277,5.2267
2025-01-01 09:12:00,3.9442,4.027,4.2688,4.3603,5.0061,5.1086
2025-01-01 09:12:02,3.8994,3.9877,4.2252,4.3061,4.9251,5.0083
2025-01-01 09:12:04,3.8001,3.8729,4.2488,4.3314,5.0251,5.1378
2025-01-01 09:12:06,3.894,3.9734,4.2226,4.3095,5.0052,5.0973
2025-01-01 09:12:08,3.918,3.9976,4.2494,4.33,5.0506,5.1403
2025-01-01 09:12:10,4.07,4.1461,4.2288,4.3151,5.0973,5.206
2025-01-01 09:12:12,3.9845,4.065,4.2858,4.3693,5.0134,5.1072
2025-01-01 09:12:14,3.8738,3.9478,4.2073,4.2935,4.9516,5.0561
2025-01-01 09:12:16,4.0287,4.1085,4.2539,4.34,5.1099,5.2212
2025-01-01 09:12:18,4.027,4.1052,4.3242,4.4002,5.1122,5.205
2025-01-01 09:12:20,3.9861,4.0672,4.2818,4.3735,5.0744,5.1816
2025-01-01 09:12:22,3.9545,4.0276,4.2713,4.3607,5.0017,5.0945
2025-01-01 09:12:24,3.903,3.9849,4.2568,4.3387,5.0929,5.1846
2025-01-01 09:12:26,3.9395,4.0146,4.2693,4.3492,5.1276,5.2242
2025-01-01 09:12:28,3.8561,3.9336,4.2583,4.3452,5.115,5.2071
2025-01-01 09:12:30,3.8884,3.9682,4.2263,4.3159,4.999,5.11
2025-01-01 09:12:32,3.9189,3.9936,4.2784,4.3606,4.9891,5.0944
2025-01-01 09:12:34,3.9055,3.9881,4.2479,4.326,4.9829,5.0738
2025-01-01 09:12:36,4.0447,4.1234,4.2745,4.3623,5.1101,5.2127
2025-01-01 09:12:38,3.9,3.9698,4.2324,4.3082,4.9268,5.0309
2025-01-01 09:12:40,4.0534,4.1185,4.2564,4.3467,5.126,5.2296
2025-01-01 09:12:42,3.9315,4.0147,4.2844,4.3662,4.9903,5.0982
2025-01-01 09:12:44,3.9574,4.0247,4.2681,4.3731,4.998,5.0982
2025-01-01 09:12:46,3.827,3.9144,4.2692,4.3356,5.0495,5.1625
2025-01-01 09:12:48,3.8911,3.9722,4.2253,4.3115,4.9944,5.1004
2025-01-01 09:12:50,3.8522,3.9253,4.2438,4.3377,4.9395,5.0357
2025-01-01 09:12:52,3.876,3.9591,4.2452,4.3395,5.0729,5.1783
2025-01-01 09:12:54,3.8994,3.9734,4.2331,4.3193,4.9243,5.0311
2025-01-01 09:12:56,3.8485,3.9255,4.2433,4.3277,5.0308,5.1186
2025-01-01 09:12:58,4.0084,4.0881,4.2997,4.3812,5.0501,5.1579
2025-01-01 09:13:00,3.9934,4.0707,4.2163,4.3145,5.0887,5.192
2025-01-01 09:13:02,3.9125,3.9981,4.2389,4.3191,5.002,5.1133
2025-01-01 09:13:04,3.8952,3.9741,4.2117,4.3007,4.9417,5.0441
2025-01-01 09:13:06,3.9998,4.0857,4.2921,4.3736,4.9913,5.1028
2025-01-01 09:13:08,3.9704,4.0495,4.2778,4.3612,5.0194,5.1186
2025-01-01 09:13:10,3.8033,3.8719,4.2277,4.3126,5.0292,5.1307
2025-01-01 09:13:12,3.9159,4.0012,4.2698,4.3447,4.9849,5.0793
2025-01-01 09:13:14,3.9029,3.982,4.2545,4.3354,4.9408,5.0477
2025-01-01 09:13:16,3.8726,3.9573,4.2144,4.3043,4.929,5.0233
2025-01-01 09:13:18,4.0661,4.1459,4.2233,4.313,5.1011,5.2077
2025-01-01 09:13:20,3.9728,4.0625,4.2398,4.3184,4.951,5.0621
2025-01-01 09:13:22,3.9413,4.0264,4.255,4.3366,4.9335,5.0358
2025-01-01 09:13:24,3.9516,4.0324,4.3121,4.4009,4.9909,5.0849
2025-01-01 09:13:26,3.9435,4.0234,4.2833,4.3632,5.0075,5.1063
2025-01-01 09:13:28,3.8963,3.9727,4.2593,4.3458,5.0849,5.1899
2025-01-01 09:13:30,3.9091,3.9904,4.2661,4.3483,4.9599,5.0702
2025-01-01 09:13:32,4.027,4.1069,4.3159,4.3975,5.1768,5.2789
2025-01-01 09:13:34,3.941,4.0233,4.2718,4.3662,5.1287,5.2317
2025-01-01 09:13:36,3.9602,4.0393,4.3107,4.4006,5.0437,5.1535
2025-01-01 09:13:38,3.8954,3.9763,4.2082,4.2965,4.9949,5.0886
2025-01-01 09:13:40,4.014,4.0859,4.2997,4.3902,5.0401,5.1376
2025-01-01 09:13:42,3.8813,3.9559,4.2214,4.3012,4.9194,5.0223
2025-01-01 09:13:44,3.9976,4.0788,4.2562,4.343,4.9843,5.085
2025-01-01 09:13:46,3.808,3.8855,4.2202,4.3075,4.9572,5.0591
2025-01-01 09:13:48,4.0064,4.0875,4.3443,4.4429,5.0829,5.181
2025-01-01 09:13:50,3.983,4.0679,4.2688,4.3515,5.0487,5.1553
2025-01-01 09:13:52,3.8741,3.9543,4.2357,4.3213,4.97,5.056
2025-01-01 09:13:54,3.7712,3.8411,4.2326,4.315,5.0552,5.1516
2025-01-01 09:13:56,3.8776,3.9498,4.2085,4.2897,4.9495,5.055
2025-01-01 09:13:58,3.889,3.9776,4.2297,4.3049,4.9568,5.0638
2025-01-01 09:14:00,3.9007,3.978,4.22,4.3041,4.9536,5.0546
2025-01-01 09:14:02,4.0015,4.0923,4.3085,4.3913,5.0171,5.1305
2025-01-01 09:14:04,4.0051,4.0815,4.2757,4.3547,5.0534,5.1548
2025-01-01 09:14:06,4.0332,4.105,4.2116,4.302,5.102,5.189
2025-01-01 09:14:08,4.0583,4.1477,4.2911,4.3913,5.1613,5.2777
2025-01-01 09:14:10,3.9452,4.0254,4.2882,4.3657,4.9971,5.1025
2025-01-01 09:14:12,3.8014,3.8714,4.229,4.3294,5.0219,5.1291
2025-01-01 09:14:14,4.046,4.1283,4.2555,4.3413,5.1236,5.2255
2025-01-01 09:14:16,4.022,4.1055,4.3123,4.3876,5.046,5.1484
2025-01-01 09:14:18,3.9899,4.08,4.2596,4.34,4.9844,5.0938
2025-01-01 09:14:20,3.9287,4.0051,4.296,4.3811,4.9995,5.0951
2025-01-01 09:14:22,3.7904,3.8695,4.2379,4.318,5.0721,5.1856
2025-01-01 09:14:24,3.9283,4.0021,4.2331,4.3249,4.9502,5.0382
2025-01-01 09:14:26,4.0034,4.0967,4.2914,4.3797,5.0093,5.1085
2025-01-01 09:14:28,3.9041,3.9845,4.2408,4.3186,4.9752,5.0756
2025-01-01 09:14:30,4.0051,4.087,4.2807,4.3621,4.9851,5.0868
2025-01-01 09:14:32,3.9008,3.9773,4.2538,4.3393,4.9759,5.0708
2025-01-01 09:14:34,3.8933,3.9582,4.202,4.3013,4.939,5.032
2025-01-01 09:14:36,3.9371,4.0082,4.2723,4.37,5.0094,5.1127
2025-01-01 09:14:38,3.9184,3.9981,4.2529,4.3317,5.025,5.1279
2025-01-01 09:14:40,3.7894,3.854,4.2351,4.319,5.0667,5.1757
2025-01-01 09:14:42,3.9349,4.018,4.2723,4.3596,5.0087,5.1011
2025-01-01 09:14:44,4.0503,4.1384,4.2964,4.3865,5.1253,5.2425
2025-01-01 09:14:46,4.0346,4.1045,4.3256,4.4055,5.1019,5.208
2025-01-01 09:14:48,3.8166,3.902,4.2294,4.3128,5.0224,5.1216
2025-01-01 09:14:50,3.9016,3.9733,4.2252,4.3038,4.954,5.0582
2025-01-01 09:14:52,4.0623,4.1376,4.286,4.3708,5.1363,5.2236
2025-01-01 09:14:54,3.9153,3.9924,4.2267,4.3166,4.9197,5.0087
2025-01-01 09:14:56,3.9907,4.0688,4.2824,4.365,5.0574,5.1665
2025-01-01 09:14:58,3.9274,4.0034,4.2648,4.346,4.9803,5.0768
2025-01-01 09:15:00,3.8034,3.8778,4.2221,4.3212,5.0282,5.1302
2025-01-01 09:15:02,3.9766,4.0602,4.2798,4.3684,5.0122,5.1173
2025-01-01 09:15:04,3.9463,4.023,4.2706,4.358,4.9964,5.0965
2025-01-01 09:15:06,3.9247,4.0101,4.2319,4.3161,4.9369,5.0368
2025-01-01 09:15:08,3.9704,4.0422,4.2833,4.3668,5.0176,5.1155
2025-01-01 09:15:10,3.8999,3.9888,4.2732,4.357,4.9547,5.068
2025-01-01 09:15:12,3.9427,4.0264,4.2569,4.3429,5.0318,5.1201
2025-01-01 09:15:14,3.9498,4.0153,4.2469,4.3367,4.9393,5.0344
2025-01-01 09:15:16,4.01,4.0825,4.2853,4.3645,5.0171,5.115
2025-01-01 09:15:18,4.0209,4.1007,4.2962,4.3908,5.053,5.1458
2025-01-01 09:15:20,3.7946,3.8703,4.238,4.3283,5.0683,5.1727
2025-01-01 09:15:22,3.9541,4.0288,4.2761,4.3568,5.0066,5.1148
2025-01-01 09:15:24,3.8773,3.9663,4.2451,4.3298,5.0795,5.1816
2025-01-01 09:15:26,3.9379,4.0119,4.2597,4.3405,5.0206,5.1087
2025-01-01 09:15:28,3.8994,3.9742,4.2512,4.3408,4.9808,5.0775
2025-01-01 09:15:30,3.8033,3.878,4.2306,4.3157,5.0308,5.1255
2025-01-01 09:15:32,3.9206,3.9889,4.2587,4.3441,5.0022,5.0965
2025-01-01 09:15:34,3.9651,4.0337,4.2766,4.3595,5.1284,5.2408
2025-01-01 09:15:36,4.0673,4.1443,4.2366,4.3115,5.1035,5.2032
2025-01-01 09:15:38,3.8894,3.9763,4.2206,4.3167,4.9269,5.0212
2025-01-01 09:15:40,4.0482,4.1209,4.2472,4.3291,5.1202,5.2268
2025-01-01 09:15:42,3.9794,4.0623,4.3047,4.3891,5.1728,5.2733
2025-01-01 09:15:44,3.8751,3.9456,4.2076,4.2924,4.9126,5.0279
2025-01-01 09:15:46,3.9291,4.0231,4.2663,4.3446,5.012,5.1059
2025-01-01 09:15:48,3.9572,4.0332,4.2841,4.3604,4.9958,5.0939
2025-01-01 09:15:50,3.9296,4.0138,4.3008,4.3906,4.9904,5.091
2025-01-01 09:15:52,3.976,4.0629,4.3009,4.3915,5.1647,5.2695
2025-01-01 09:15:54,3.9366,4.0265,4.2849,4.3685,5.0249,5.1175
2025-01-01 09:15:56,3.9571,4.0294,4.2787,4.3754,5.0056,5.1198
2025-01-01 09:15:58,3.9175,4.0124,4.2241,4.3038,4.9414,5.0377
2025-01-01 09:16:00,3.9378,4.02,4.3091,4.3915,4.9784,5.0923
2025-01-01 09:16:02,3.9455,4.0298,4.2473,4.3365,5.0307,5.1245
2025-01-01 09:16:04,3.8326,3.9123,4.2572,4.3394,5.056,5.1609
2025-01-01 09:16:06,4.0056,4.0843,4.2723,4.3647,4.9955,5.1103
2025-01-01 09:16:08,3.895,3.9735,4.2241,4.3139,4.9579,5.0677
2025-01-01 09:16:10,3.8893,3.9705,4.2494,4.3327,5.0527,5.1522
2025-01-01 09:16:12,3.9717,4.0459,4.3259,4.4061,5.0375,5.1295
2025-01-01 09:16:14,3.9016,3.9683,4.2585,4.3483,4.9817,5.0758
2025-01-01 09:16:16,3.9016,3.9696,4.2357,4.3238,5.0379,5.1484
2025-01-01 09:16:18,4.0447,4.1208,4.2422,4.3268,5.1369,5.2285
2025-01-01 09:16:20,3.9535,4.0392,4.2671,4.3573,4.9684,5.0714
2025-01-01 09:16:22,4.0607,4.1439,4.2335,4.3091,5.1079,5.1995
2025-01-01 09:16:24,3.992,4.0614,4.2728,4.3669,5.0463,5.1351
2025-01-01 09:16:26,3.9187,3.9945,4.2619,4.3515,4.9779,5.0851
2025-01-01 09:16:28,3.9444,4.0268,4.2762,4.3632,5.0104,5.111
2025-01-01 09:16:30,3.9453,4.0293,4.2705,4.3564,5.1275,5.2383
2025-01-01 09:16:32,3.9489,4.0281,4.2749,4.3626,4.9938,5.0963
2025-01-01 09:16:34,3.8003,3.8795,4.2316,4.3173,5.0187,5.1307
2025-01-01 09:16:36,3.962,4.0271,4.2719,4.3511,4.9889,5.0855
2025-01-01 09:16:38,3.8222,3.9064,4.2264,4.3242,5.0233,5.1234
2025-01-01 09:16:40,4.0404,4.1352,4.24,4.3227,5.1241,5.2206
2025-01-01 09:16:42,4.0592,4.1352,4.3376,4.42,5.1386,5.2441
2025-01-01 09:16:44,4.0202,4.1078,4.2091,4.3059,5.0897,5.1907
2025-01-01 09:16:46,4.0131,4.0963,4.213,4.3047,5.1151,5.216
2025-01-01 09:16:48,3.8368,3.9217,4.2465,4.3382,4.9457,5.0396
2025-01-01 09:16:50,4.0034,4.0869,4.2783,4.3603,4.9886,5.0841
2025-01-01 09:16:52,3.9635,4.0486,4.3213,4.395,5.0355,5.1431
2025-01-01 09:16:54,3.9,3.9702,4.2328,4.3096,4.9256,5.0279
2025-01-01 09:16:56,4.0019,4.0748,4.2477,4.3431,4.9886,5.0917
2025-01-01 09:16:58,3.9539,4.0461,4.2775,4.3753,5.0001,5.1069
2025-01-01 09:17:00,3.8273,3.9076,4.2305,4.3161,5.0304,5.1323
2025-01-01 09:17:02,4.0343,4.1015,4.2287,4.3067,5.0899,5.1898
2025-01-01 09:17:04,3.9133,3.9887,4.2392,4.3415,5.0661,5.1665
2025-01-01 09:17:06,3.9383,4.0112,4.318,4.3998,5.0132,5.1121
2025-01-01 09:17:08,3.9854,4.0573,4.2117,4.304,5.0985,5.1942
2025-01-01 09:17:10,3.9029,3.992,4.2263,4.3117,4.9148,5.0194
2025-01-01 09:17:12,3.9444,4.0325,4.271,4.3627,4.9933,5.0914
2025-01-01 09:17:14,3.917,3.9863,4.2493,4.3437,5.0807,5.197
2025-01-01 09:17:16,4.0244,4.0973,4.2204,4.3035,5.1271,5.2433
2025-01-01 09:17:18,3.9204,4.0064,4.2896,4.3849,4.9931,5.104
2025-01-01 09:17:20,3.9479,4.0321,4.2833,4.3677,4.9973,5.0892
2025-01-01 09:17:22,3.8484,3.93,4.2339,4.3398,4.9345,5.0466
2025-01-01 09:17:24,3.9468,4.0221,4.268,4.3631,4.9866,5.0852
2025-01-01 09:17:26,3.9845,4.0699,4.2856,4.3753,5.0849,5.1784
2025-01-01 09:17:28,4.133,4.207,4.2975,4.3828,5.1719,5.2656
2025-01-01 09:17:30,3.9081,3.9818,4.2475,4.3383,4.9723,5.0717
2025-01-01 09:17:32,4.0216,4.0903,4.2247,4.3051,5.1057,5.2219
2025-01-01 09:17:34,3.9211,4.0121,4.2416,4.3206,5.0008,5.0989
2025-01-01 09:17:36,4.0775,4.1578,4.2779,4.3672,5.1318,5.2265
2025-01-01 09:17:38,3.8275,3.9033,4.2209,4.3029,4.9571,5.0571
2025-01-01 09:17:40,3.8495,3.9206,4.2183,4.3106,4.964,5.054
2025-01-01 09:17:42,3.9627,4.0488,4.2807,4.36,4.9924,5.0867
2025-01-01 09:17:44,4.0175,4.0906,4.2228,4.3079,5.1097,5.2143
2025-01-01 09:17:46,3.9322,4.0064,4.2536,4.3378,5.0434,5.1469
2025-01-01 09:17:48,3.7854,3.8717,4.2328,4.3235,5.0729,5.1781
2025-01-01 09:17:50,4.019,4.1066,4.2838,4.3635,4.9539,5.0518
2025-01-01 09:17:52,4.0189,4.1095,4.2211,4.3109,5.1084,5.2106
2025-01-01 09:17:54,3.9293,4.0186,4.2729,4.3595,5.0044,5.1127
2025-01-01 09:17:56,3.9135,3.9869,4.2323,4.3344,5.0515,5.1452
2025-01-01 09:17:58,4.0147,4.089,4.2905,4.3781,5.0115,5.1158
2025-01-01 09:18:00,3.8948,3.9721,4.2353,4.3274,5.0359,5.136
2025-01-01 09:18:02,3.8619,3.9304,4.2684,4.3522,5.0654,5.1667
2025-01-01 09:18:04,3.9602,4.0395,4.3001,4.388,5.1077,5.209
2025-01-01 09:18:06,3.9225,3.9842,4.2821,4.3571,4.9777,5.0741
2025-01-01 09:18:08,3.9124,3.9976,4.2498,4.3423,5.0018,5.09
2025-01-01 09:18:10,3.7987,3.8725,4.2195,4.3148,5.018,5.1165
2025-01-01 09:18:12,3.9662,4.0513,4.2596,4.3488,4.9408,5.0566
2025-01-01 09:18:14,3.8982,3.9739,4.2701,4.3475,4.9699,5.0852
2025-01-01 09:18:16,3.9969,4.077,4.2978,4.3883,5.0442,5.1433
2025-01-01 09:18:18,3.8341,3.8986,4.2327,4.3195,5.0297,5.1313
2025-01-01 09:18:20,3.9424,4.0207,4.2718,4.3627,5.0021,5.1147
2025-01-01 09:18:22,3.8882,3.9637,4.2275,4.3009,4.9502,5.0645
2025-01-01 09:18:24,3.9356,4.0201,4.277,4.3576,4.9955,5.111
2025-01-01 09:18:26,3.9548,4.0304,4.3274,4.4193,5.0326,5.1288
2025-01-01 09:18:28,3.8333,3.9124,4.2548,4.3418,5.0563,5.1631
2025-01-01 09:18:30,3.9389,4.0259,4.2824,4.3581,5.1391,5.2394
2025-01-01 09:18:32,3.7763,3.8545,4.2282,4.3147,5.0727,5.169
2025-01-01 09:18:34,3.9613,4.0436,4.301,4.39,5.1106,5.2049
2025-01-01 09:18:36,4.0265,4.1218,4.2369,4.3329,5.1201,5.2341
2025-01-01 09:18:38,3.7895,3.8758,4.2355,4.3185,5.0421,5.152
2025-01-01 09:18:40,3.9999,4.0726,4.2807,4.3715,5.0128,5.1016
2025-01-01 09:18:42,3.9204,4.0057,4.3004,4.3869,4.9908,5.0932
2025-01-01 09:18:44,4.0414,4.1339,4.2175,4.2929,5.0921,5.1887
2025-01-01 09:18:46,3.9759,4.0601,4.2318,4.3228,4.9595,5.0556
2025-01-01 09:18:48,3.8947,3.99,4.2521,4.327,4.9744,5.0723
2025-01-01 09:18:50,3.8626,3.9425,4.2695,4.365,5.0642,5.1744
2025-01-01 09:18:52,3.963,4.0409,4.2637,4.339,5.0249,5.1273
2025-01-01 09:18:54,3.8267,3.8983,4.2442,4.3363,4.9916,5.0911
2025-01-01 09:18:56,3.9985,4.0792,4.2486,4.3449,4.9882,5.0852
2025-01-01 09:18:58,3.9906,4.0714,4.2932,4.3685,5.0777,5.1715
2025-01-01 09:19:00,3.946,4.0337,4.2677,4.355,4.9901,5.0941
2025-01-01 09:19:02,3.9077,3.9984,4.2837,4.3675,5.0013,5.1006
2025-01-01 09:19:04,4.0002,4.0785,4.2791,4.3737,4.9957,5.1021
2025-01-01 09:19:06,3.9786,4.0587,4.2747,4.3617,5.1502,5.2642
2025-01-01 09:19:08,3.9982,4.0821,4.269,4.3543,5.0597,5.159
2025-01-01 09:19:10,4.0386,4.1378,4.269,4.361,5.107,5.2143
2025-01-01 09:19:12,3.9204,4.0103,4.2392,4.3324,5.0257,5.1273
2025-01-01 09:19:14,3.9159,4.0066,4.2784,4.3716,4.9763,5.0828
2025-01-01 09:19:16,3.9431,4.027,4.2477,4.3283,4.9299,5.0411
2025-01-01 09:19:18,3.8809,3.9653,4.3026,4.3901,4.9498,5.0425
2025-01-01 09:19:20,4.0153,4.0814,4.288,4.3704,5.0658,5.1655
2025-01-01 09:19:22,3.8776,3.9505,4.2408,4.3298,4.9696,5.072
2025-01-01 09:19:24,3.9405,4.032,4.2645,4.3565,4.9964,5.0913
2025-01-01 09:19:26,3.8158,3.8968,4.2361,4.3202,5.0422,5.1331
2025-01-01 09:19:28,3.9391,4.0162,4.2403,4.3326,4.9426,5.0303
2025-01-01 09:19:30,3.8976,3.9796,4.2824,4.3656,5.0874,5.2031
2025-01-01 09:19:32,3.9295,3.9962,4.2444,4.3212,5.0341,5.1306
2025-01-01 09:19:34,3.98,4.0583,4.3024,4.3917,5.1727,5.2745
2025-01-01 09:19:36,3.991,4.073,4.2687,4.3555,5.0464,5.1413
2025-01-01 09:19:38,4.0575,4.1358,4.2935,4.3774,5.129,5.2228
2025-01-01 09:19:40,3.9361,4.0176,4.2721,4.3548,4.9999,5.1019
2025-01-01 09:19:42,3.9098,3.9821,4.2471,4.3351,4.9878,5.1001
2025-01-01 09:19:44,3.9472,4.0253,4.2439,4.3482,5.0295,5.1306
2025-01-01 09:19:46,3.8472,3.9392,4.2096,4.2874,5.0045,5.122
2025-01-01 09:19:48,3.9495,4.0197,4.2673,4.363,5.1295,5.2293
2025-01-01 09:19:50,3.8777,3.9593,4.2614,4.3326,5.0748,5.1803
2025-01-01 09:19:52,4.0303,4.1062,4.2246,4.3066,5.0976,5.1899
2025-01-01 09:19:54,3.9335,4.0086,4.2145,4.3017,4.9314,5.0385
2025-01-01 09:19:56,4.0529,4.1398,4.3186,4.4023,5.0496,5.1644
2025-01-01 09:19:58,3.9247,4.0076,4.2811,4.3655,4.9969,5.0895
2025-01-01 09:20:00,3.7767,3.8574,4.2334,4.3107,5.0737,5.175
2025-01-01 09:20:02,4.0738,4.1361,4.2787,4.362,5.1152,5.2215
2025-01-01 09:20:04,3.952,4.0357,4.2559,4.3352,5.0175,5.1245
2025-01-01 09:20:06,3.8645,3.9452,4.2047,4.2996,5.0035,5.1056
2025-01-01 09:20:08,3.8816,3.9524,4.2134,4.302,4.9333,5.0304
2025-01-01 09:20:10,3.9259,4.0173,4.2962,4.3847,4.9958,5.0886
2025-01-01 09:20:12,3.9158,3.9867,4.25,4.3314,4.9446,5.0448
2025-01-01 09:20:14,3.9877,4.0613,4.2865,4.3672,5.1583,5.2585
2025-01-01 09:20:16,3.9427,4.0214,4.2776,4.3652,5.0013,5.1023
2025-01-01 09:20:18,4.021,4.1019,4.2243,4.3098,5.0973,5.1964
2025-01-01 09:20:20,3.9296,4.0187,4.2714,4.3619,4.9888,5.0944
2025-01-01 09:20:22,3.9047,3.9915,4.2649,4.3547,4.9813,5.0885
2025-01-01 09:20:24,3.8899,3.9644,4.2193,4.314,4.9269,5.019
2025-01-01 09:20:26,3.9929,4.073,4.224,4.3133,5.0949,5.1953
2025-01-01 09:20:28,3.9331,4.025,4.2649,4.3665,4.9932,5.0891
2025-01-01 09:20:30,3.8926,3.9635,4.2538,4.3358,5.0704,5.1601
2025-01-01 09:20:32,3.9904,4.0691,4.3272,4.4167,5.0772,5.1798
2025-01-01 09:20:34,3.886,3.9636,4.2446,4.3331,5.0703,5.1841
2025-01-01 09:20:36,3.9046,3.9754,4.2228,4.3058,4.9602,5.0572
2025-01-01 09:20:38,3.9671,4.0464,4.3253,4.4042,5.0294,5.131
2025-01-01 09:20:40,3.9052,3.9776,4.2479,4.3308,4.9665,5.0749
2025-01-01 09:20:42,4.0395,4.1135,4.2379,4.3187,5.1165,5.2187
2025-01-01 09:20:44,3.8533,3.9321,4.218,4.2939,5.0158,5.1033
2025-01-01 09:20:46,3.9501,4.0294,4.2538,4.3348,4.9601,5.0583
2025-01-01 09:20:48,3.9896,4.0725,4.2161,4.3087,5.0991,5.1964
2025-01-01 09:20:50,3.939,4.0198,4.2622,4.3587,4.9862,5.0928
2025-01-01 09:20:52,3.9688,4.05,4.3328,4.4108,5.034,5.1378
2025-01-01 09:20:54,3.9471,4.0274,4.2716,4.3589,4.9841,5.0878
2025-01-01 09:20:56,4.011,4.0843,4.2867,4.3655,4.9969,5.1003
2025-01-01 09:20:58,3.9961,4.0826,4.2551,4.3385,4.9858,5.0867
2025-01-01 09:21:00,3.9461,4.0338,4.2645,4.358,4.9982,5.0869
2025-01-01 09:21:02,3.9489,4.0143,4.2773,4.3642,5.0104,5.1067
2025-01-01 09:21:04,4.0549,4.1275,4.2465,4.3312,5.1277,5.2247
2025-01-01 09:21:06,3.8793,3.9595,4.2096,4.3051,4.9238,5.0274
2025-01-01 09:21:08,3.8205,3.8888,4.2356,4.3264,5.0238,5.1262
2025-01-01 09:21:10,3.9416,4.0167,4.267,4.3499,5.1384,5.2439
2025-01-01 09:21:12,3.9059,3.9738,4.2472,4.3368,4.9861,5.0956
2025-01-01 09:21:14,3.8718,3.9559,4.2036,4.2957,4.9436,5.049
2025-01-01 09:21:16,3.8153,3.8988,4.2368,4.328,5.0326,5.1393
2025-01-01 09:21:18,3.9431,4.0242,4.2404,4.3359,4.9289,5.0272
2025-01-01 09:21:20,3.8001,3.8753,4.2399,4.3193,5.0417,5.1474
2025-01-01 09:21:22,3.9516,4.045,4.2738,4.3602,5.1306,5.2237
2025-01-01 09:21:24,4.0682,4.145,4.2196,4.3118,5.0948,5.2071
2025-01-01 09:21:26,4.0571,4.15,4.289,4.3702,5.1503,5.266
2025-01-01 09:21:28,3.9203,3.9991,4.2539,4.3281,5.0259,5.1168
2025-01-01 09:21:30,4.0033,4.0744,4.2715,4.3543,5.041,5.1481
2025-01-01 09:21:32,4.0117,4.0825,4.2821,4.3692,5.0101,5.112
2025-01-01 09:21:34,3.824,3.8951,4.23,4.3207,5.0222,5.1266
2025-01-01 09:21:36,3.9235,4.0173,4.2627,4.3564,5.1245,5.2209
2025-01-01 09:21:38,3.9336,4.005,4.232,4.3147,4.9998,5.1105
2025-01-01 09:21:40,4.0722,4.1486,4.2229,4.3146,5.0838,5.1977
2025-01-01 09:21:42,3.8376,3.9227,4.2316,4.3073,4.9513,5.0605
2025-01-01 09:21:44,3.8778,3.9688,4.2518,4.346,5.079,5.171
2025-01-01 09:21:46,4.0006,4.0862,4.2753,4.3746,4.9847,5.0858
2025-01-01 09:21:48,3.9345,4.0259,4.3193,4.4046,4.9724,5.0777
2025-01-01 09:21:50,3.9088,3.9875,4.265,4.3553,4.9594,5.0571
2025-01-01 09:21:52,3.946,4.0331,4.2499,4.338,4.9311,5.0244
2025-01-01 09:21:54,3.9301,4.0179,4.2685,4.3564,4.9818,5.064
2025-01-01 09:21:56,3.9271,4.0031,4.2398,4.3304,5.0353,5.1394
2025-01-01 09:21:58,3.7958,3.8822,4.2343,4.3223,5.013,5.1028
2025-01-01 09:22:00,3.943,4.017,4.2703,4.3655,5.1324,5.2357
2025-01-01 09:22:02,3.9383,4.0101,4.282,4.3626,5.0014,5.0974
2025-01-01 09:22:04,4.0086,4.0817,4.2478,4.3313,4.9996,5.0833
2025-01-01 09:22:06,3.9044,3.978,4.2166,4.3094,4.9492,5.0586
2025-01-01 09:22:08,3.8048,3.889,4.2275,4.3128,4.9564,5.0531
2025-01-01 09:22:10,3.8828,3.9727,4.2503,4.3368,5.0835,5.1787
2025-01-01 09:22:12,3.9838,4.0715,4.3339,4.4251,5.0692,5.1781
2025-01-01 09:22:14,3.9304,4.0106,4.3013,4.3934,4.9907,5.098
2025-01-01 09:22:16,3.9011,3.9886,4.2617,4.3466,4.9968,5.0991
2025-01-01 09:22:18,3.9724,4.0481,4.3284,4.4128,5.059,5.1647
2025-01-01 09:22:20,3.8049,3.8769,4.2351,4.3134,5.0315,5.1327
2025-01-01 09:22:22,3.977,4.0677,4.2667,4.354,5.0511,5.1459
2025-01-01 09:22:24,3.972,4.0566,4.2987,4.3831,5.1634,5.2742
2025-01-01 09:22:26,3.8894,3.9603,4.2385,4.3149,4.9224,5.0272
2025-01-01 09:22:28,3.9451,4.0295,4.261,4.3378,4.9797,5.0873
2025-01-01 09:22:30,3.9392,4.0285,4.2778,4.3535,5.1219,5.2239
2025-01-01 09:22:32,3.8784,3.9551,4.231,4.3262,4.976,5.0718
2025-01-01 09:22:34,3.8379,3.9216,4.2187,4.3079,4.9496,5.0553
2025-01-01 09:22:36,3.8136,3.893,4.2324,4.3173,5.0093,5.0988
2025-01-01 09:22:38,3.9261,4.0157,4.2465,4.3284,5.0329,5.1471
2025-01-01 09:22:40,3.9552,4.0406,4.2841,4.3695,5.0059,5.1125
2025-01-01 09:22:42,3.9556,4.0284,4.2775,4.3667,4.9985,5.0934
2025-01-01 09:22:44,4.0599,4.1306,4.2045,4.2974,5.0941,5.1936
2025-01-01 09:22:46,3.9752,4.0488,4.3298,4.4151,5.0545,5.1591
2025-01-01 09:22:48,3.8889,3.9762,4.2448,4.3241,5.0506,5.1574
2025-01-01 09:22:50,3.9545,4.0238,4.2701,4.3502,4.9885,5.0884
2025-01-01 09:22:52,3.9402,4.0183,4.2514,4.337,4.9558,5.0503
2025-01-01 09:22:54,3.9284,4.0029,4.2966,4.3926,4.9989,5.1002
2025-01-01 09:22:56,3.9016,3.981,4.2166,4.304,4.9917,5.0924
2025-01-01 09:22:58,3.846,3.922,4.2592,4.3451,5.1053,5.2162
2025-01-01 09:23:00,3.9411,4.0168,4.2773,4.3704,5.0046,5.108
2025-01-01 09:23:02,3.8885,3.9769,4.2172,4.3023,4.9928,5.1035
2025-01-01 09:23:04,4.0669,4.144,4.2712,4.3573,5.131,5.2393
2025-01-01 09:23:06,3.9164,3.9819,4.2767,4.3481,4.9594,5.0695
2025-01-01 09:23:08,3.9975,4.0839,4.2746,4.3657,4.9966,5.0945
2025-01-01 09:23:10,3.7945,3.8748,4.2321,4.3151,5.0689,5.1772
2025-01-01 09:23:12,3.872,3.9637,4.2134,4.3085,4.925,5.0182
2025-01-01 09:23:14,3.9281,4.005,4.2369,4.327,4.9534,5.0439
2025-01-01 09:23:16,4.0728,4.1518,4.2725,4.3643,5.1203,5.2148
2025-01-01 09:23:18,3.844,3.9288,4.21,4.2818,5.0024,5.1144
2025-01-01 09:23:20,4.0391,4.1195,4.2431,4.3264,5.1166,5.2164
2025-01-01 09:23:22,4.0271,4.1062,4.222,4.3132,5.0905,5.2024
2025-01-01 09:23:24,3.8323,3.9185,4.2218,4.318,4.9552,5.051
2025-01-01 09:23:26,3.9815,4.0549,4.2932,4.3934,5.172,5.2697
2025-01-01 09:23:28,3.9454,4.0124,4.2457,4.337,4.9295,5.0286
2025-01-01 09:23:30,3.9419,4.0266,4.2728,4.3605,5.0129,5.1174
2025-01-01 09:23:32,3.9944,4.0793,4.2798,4.369,5.0047,5.1041
2025-01-01 09:23:34,4.0623,4.1416,4.289,4.3802,5.1281,5.2188
2025-01-01 09:23:36,3.9135,3.9999,4.2556,4.3378,5.0308,5.1276
2025-01-01 09:23:38,4.0176,4.1012,4.2267,4.3107,5.108,5.2103
2025-01-01 09:23:40,3.8534,3.9348,4.2768,4.3501,5.071,5.1698
2025-01-01 09:23:42,4.0406,4.1234,4.2454,4.3325,5.1153,5.2184
2025-01-01 09:23:44,4.0356,4.1205,4.3006,4.3672,5.0231,5.1247
2025-01-01 09:23:46,3.8522,3.926,4.2483,4.3387,5.1115,5.2092
2025-01-01 09:23:48,4.0115,4.0959,4.2199,4.3077,5.1116,5.2167
2025-01-01 09:23:50,3.957,4.0267,4.2711,4.3568,5.1347,5.2326
2025-01-01 09:23:52,3.9432,4.0232,4.2699,4.357,5.0185,5.1031
2025-01-01 09:23:54,3.9757,4.0612,4.3002,4.3891,5.1737,5.2683
2025-01-01 09:23:56,3.9927,4.085,4.2902,4.3857,5.0426,5.1446
2025-01-01 09:23:58,3.978,4.0588,4.3124,4.4073,5.0295,5.1404
2025-01-01 09:24:00,4.0212,4.1012,4.2839,4.3696,4.9459,5.0582
2025-01-01 09:24:02,3.8872,3.9583,4.2501,4.3376,5.0731,5.1766
2025-01-01 09:24:04,3.8885,3.9711,4.2167,4.3107,4.9532,5.0538
2025-01-01 09:24:06,3.941,4.0182,4.269,4.3523,4.9712,5.0813
2025-01-01 09:24:08,3.8844,3.9691,4.2218,4.3055,4.9657,5.0556
2025-01-01 09:24:10,3.9823,4.0715,4.2793,4.3527,5.0495,5.1499
2025-01-01 09:24:12,3.8803,3.9692,4.216,4.3114,4.9419,5.0532
2025-01-01 09:24:14,3.9188,3.9977,4.243,4.3427,5.0439,5.1423
2025-01-01 09:24:16,3.8997,3.9691,4.2411,4.3209,5.0375,5.1318
2025-01-01 09:24:18,3.9855,4.0695,4.3009,4.3863,5.1622,5.2647
2025-01-01 09:24:20,3.9821,4.0561,4.272,4.3724,5.0134,5.1143
2025-01-01 09:24:22,3.9799,4.0623,4.3354,4.4187,5.0651,5.1726
2025-01-01 09:24:24,3.8955,3.9747,4.243,4.3245,5.0429,5.1416
2025-01-01 09:24:26,3.8001,3.8889,4.2442,4.3206,5.0009,5.1018
2025-01-01 09:24:28,3.8291,3.9072,4.2514,4.3483,5.0594,5.1637
2025-01-01 09:24:30,3.8405,3.9307,4.2334,4.3309,4.9478,5.0402
2025-01-01 09:24:32,4.027,4.1085,4.3085,4.4008,5.1686,5.2684
2025-01-01 09:24:34,3.9493,4.0234,4.2811,4.3717,5.0156,5.1166
2025-01-01 09:24:36,3.7979,3.8811,4.227,4.3174,5.0347,5.1362
2025-01-01 09:24:38,4.0035,4.0779,4.2925,4.3848,5.0863,5.1928
2025-01-01 09:24:40,4.0819,4.1507,4.2786,4.3693,5.1185,5.2197
2025-01-01 09:24:42,3.8279,3.9013,4.2311,4.3248,5.0374,5.1382
2025-01-01 09:24:44,3.954,4.0364,4.2726,4.3635,4.9856,5.0929
2025-01-01 09:24:46,3.9128,4.0043,4.2525,4.3574,4.9745,5.0708
2025-01-01 09:24:48,3.8397,3.9267,4.2453,4.3351,5.0223,5.1244
2025-01-01 09:24:50,3.9658,4.037,4.323,4.4227,5.0333,5.1285
2025-01-01 09:24:52,3.7683,3.8472,4.2278,4.3052,5.055,5.1489
2025-01-01 09:24:54,4.0153,4.0945,4.212,4.3043,5.0958,5.2091
2025-01-01 09:24:56,3.7936,3.8684,4.2399,4.3225,5.0718,5.1796
2025-01-01 09:24:58,3.9382,4.0132,4.2791,4.3551,4.995,5.0881
2025-01-01 09:25:00,3.9202,4.0049,4.2478,4.3339,5.0299,5.1276
2025-01-01 09:25:02,4.0669,4.1454,4.224,4.3136,5.0908,5.1935
2025-01-01 09:25:04,3.9902,4.0642,4.2934,4.3806,5.0723,5.1765
2025-01-01 09:25:06,3.9246,4.0051,4.2191,4.3155,4.932,5.0397
2025-01-01 09:25:08,3.803,3.875,4.2275,4.3176,5.0665,5.1755
2025-01-01 09:25:10,3.955,4.0381,4.3176,4.4043,5.1455,5.2491
2025-01-01 09:25:12,3.9909,4.073,4.2966,4.3973,5.1709,5.2654
2025-01-01 09:25:14,3.8207,3.8951,4.226,4.326,5.0202,5.1228
2025-01-01 09:25:16,3.8116,3.887,4.2428,4.3288,4.9953,5.1072
2025-01-01 09:25:18,3.9432,4.0294,4.2826,4.3776,5.027,5.1308
2025-01-01 09:25:20,3.8065,3.8759,4.238,4.3175,5.0257,5.1333
2025-01-01 09:25:22,4.0552,4.139,4.2399,4.3333,5.1241,5.2243
2025-01-01 09:25:24,3.9869,4.0785,4.2928,4.3753,5.0728,5.1756
2025-01-01 09:25:26,3.9238,4.0003,4.2931,4.3726,4.9939,5.1064
2025-01-01 09:25:28,3.8888,3.9624,4.2167,4.3108,4.9187,5.0171
2025-01-01 09:25:30,3.9399,4.0201,4.2737,4.3578,4.9757,5.0719
2025-01-01 09:25:32,3.9745,4.052,4.283,4.3717,5.0141,5.1062
2025-01-01 09:25:34,3.8955,3.9836,4.2615,4.3439,4.9798,5.0778
2025-01-01 09:25:36,4.0541,4.1357,4.3152,4.4056,5.0604,5.1473
2025-01-01 09:25:38,3.938,4.0104,4.278,4.3624,5.1347,5.233
2025-01-01 09:25:40,3.9307,4.0143,4.2763,4.3514,4.998,5.0913
2025-01-01 09:25:42,3.8402,3.9104,4.2459,4.3246,5.1064,5.2013
2025-01-01 09:25:44,3.9632,4.0543,4.275,4.366,5.0162,5.1114
2025-01-01 09:25:46,4.024,4.1019,4.3035,4.3909,5.0496,5.1374
2025-01-01 09:25:48,3.8344,3.9141,4.2505,4.3296,5.0493,5.1391
2025-01-01 09:25:50,3.9136,4.0102,4.2784,4.3704,4.9944,5.0975
2025-01-01 09:25:52,3.9411,4.01,4.3106,4.4039,4.9917,5.0842
2025-01-01 09:25:54,3.8831,3.9656,4.2143,4.3001,4.9394,5.0486
2025-01-01 09:25:56,3.9967,4.0786,4.3051,4.3891,5.0468,5.1442
2025-01-01 09:25:58,4.0416,4.1126,4.2912,4.3765,5.0207,5.1152
2025-01-01 09:26:00,3.9216,4.0052,4.2376,4.3305,5.0308,5.1226
2025-01-01 09:26:02,3.9845,4.0643,4.2151,4.306,5.0978,5.1917
2025-01-01 09:26:04,4.0059,4.091,4.2236,4.3176,5.1155,5.2157
2025-01-01 09:26:06,3.7977,3.872,4.2381,4.3192,5.0146,5.1099
2025-01-01 09:26:08,3.9699,4.0515,4.3131,4.4036,5.036,5.1378
2025-01-01 09:26:10,3.9419,4.0231,4.2685,4.3511,4.9752,5.0723
2025-01-01 09:26:12,3.9276,4.0075,4.2882,4.3812,4.9982,5.1023
2025-01-01 09:26:14,3.9664,4.0482,4.3152,4.3955,5.1149,5.2136
2025-01-01 09:26:16,3.9412,4.0219,4.258,4.3343,5.0254,5.1263
2025-01-01 09:26:18,3.9051,3.9835,4.2543,4.3476,4.9881,5.0917
2025-01-01 09:26:20,4.0101,4.1012,4.2165,4.3065,5.0938,5.1995
2025-01-01 09:26:22,3.8167,3.8992,4.2336,4.3224,5.007,5.1085
2025-01-01 09:26:24,3.954,4.0258,4.2713,4.3603,4.9654,5.0722
2025-01-01 09:26:26,3.8803,3.959,4.203,4.296,4.937,5.0372
2025-01-01 09:26:28,3.9302,4.0133,4.2586,4.3395,5.0134,5.117
2025-01-01 09:26:30,4.0521,4.1269,4.2783,4.3559,5.112,5.2129
2025-01-01 09:26:32,3.9691,4.0502,4.284,4.3703,5.0158,5.1197
2025-01-01 09:26:34,3.9699,4.06,4.2721,4.3555,5.0066,5.1153
2025-01-01 09:26:36,3.8015,3.8621,4.2422,4.3242,5.0302,5.1228
2025-01-01 09:26:38,3.941,4.0298,4.3138,4.4107,4.9834,5.0937
2025-01-01 09:26:40,3.9128,4.0041,4.2644,4.3468,5.0094,5.1014
2025-01-01 09:26:42,3.9159,3.9888,4.2664,4.3459,4.9579,5.0639
2025-01-01 09:26:44,3.9314,4.0178,4.2664,4.3562,4.9688,5.0816
2025-01-01 09:26:46,3.9802,4.0683,4.235,4.3274,4.9551,5.056
2025-01-01 09:26:48,3.8783,3.9536,4.2449,4.349,5.0746,5.1767
2025-01-01 09:26:50,3.9704,4.0367,4.2852,4.3756,5.0227,5.1185
2025-01-01 09:26:52,4.0015,4.076,4.2853,4.3823,5.075,5.1682
2025-01-01 09:26:54,3.816,3.9114,4.2481,4.3358,4.9835,5.0806
2025-01-01 09:26:56,4.0603,4.1442,4.2311,4.3096,5.0991,5.2088
2025-01-01 09:26:58,3.9436,4.0199,4.259,4.3441,5.0106,5.1141
2025-01-01 09:27:00,3.8021,3.8801,4.2318,4.3104,5.0235,5.1129
2025-01-01 09:27:02,3.9827,4.0469,4.3271,4.4157,5.0561,5.172
2025-01-01 09:27:04,3.8872,3.9591,4.2149,4.2959,4.9643,5.0539
2025-01-01 09:27:06,3.9369,4.0096,4.249,4.3312,5.0502,5.1508
2025-01-01 09:27:08,3.8201,3.8967,4.2427,4.3226,5.0193,5.1216
2025-01-01 09:27:10,3.9849,4.0645,4.2985,4.3915,5.174,5.282
2025-01-01 09:27:12,3.9052,3.9714,4.2346,4.3159,4.9243,5.0189
2025-01-01 09:27:14,4.0634,4.1453,4.2814,4.364,5.1394,5.228
2025-01-01 09:27:16,3.9466,4.0196,4.2659,4.371,5.1233,5.2217
2025-01-01 09:27:18,3.8086,3.8818,4.223,4.309,4.9492,5.05
2025-01-01 09:27:20,3.9554,4.0266,4.2719,4.3546,5.1338,5.2285
2025-01-01 09:27:22,3.904,3.983,4.2594,4.3324,4.9704,5.0769
2025-01-01 09:27:24,4.0772,4.1495,4.2308,4.3209,5.1078,5.2119
2025-01-01 09:27:26,3.9983,4.0735,4.2286,4.3052,5.0836,5.1907
2025-01-01 09:27:28,4.0431,4.1264,4.2831,4.3627,5.1095,5.2106
2025-01-01 09:27:30,4.0076,4.099,4.3069,4.3904,5.0393,5.1468
2025-01-01 09:27:32,3.9274,4.0053,4.2444,4.3329,4.9383,5.0298
2025-01-01 09:27:34,3.8935,3.9666,4.2224,4.3055,5.0061,5.1134
2025-01-01 09:27:36,3.8533,3.9265,4.2415,4.3328,5.0265,5.1266
2025-01-01 09:27:38,3.9292,4.0142,4.2586,4.3458,4.9837,5.08
2025-01-01 09:27:40,3.937,4.0241,4.2734,4.3673,5.0005,5.0872
2025-01-01 09:27:42,3.8992,3.9716,4.2479,4.3414,4.9744,5.0826
2025-01-01 09:27:44,3.8368,3.9066,4.2423,4.3286,5.1091,5.2038
2025-01-01 09:27:46,3.9003,3.9774,4.2431,4.3293,5.0406,5.1222
2025-01-01 09:27:48,3.796,3.8748,4.2275,4.3176,5.0122,5.1148
2025-01-01 09:27:50,4.0025,4.0869,4.2833,4.37,5.0125,5.1082
2025-01-01 09:27:52,3.8842,3.97,4.2309,4.309,4.9171,5.016
2025-01-01 09:27:54,3.8992,3.9683,4.2412,4.331,5.0523,5.1603
2025-01-01 09:27:56,3.9073,3.9883,4.2673,4.355,4.9602,5.0596
2025-01-01 09:27:58,3.9939,4.0808,4.2786,4.3648,5.0604,5.1532
2025-01-01 09:28:00,4.0216,4.0957,4.272,4.3589,4.956,5.0449
2025-01-01 09:28:02,3.8952,3.9879,4.2151,4.3097,4.9179,5.0266
2025-01-01 09:28:04,4.0628,4.1378,4.3183,4.405,5.051,5.1525
2025-01-01 09:28:06,3.8986,3.9659,4.2264,4.3121,5.0016,5.1077
2025-01-01 09:28:08,3.9896,4.0565,4.2843,4.3694,5.1524,5.262
2025-01-01 09:28:10,3.9912,4.0664,4.2732,4.3694,5.0575,5.1557
2025-01-01 09:28:12,4.0177,4.0924,4.2747,4.3596,4.944,5.0556
2025-01-01 09:28:14,3.9956,4.0861,4.3346,4.4077,5.0696,5.182
2025-01-01 09:28:16,3.9319,4.009,4.2607,4.351,4.982,5.0791
2025-01-01 09:28:18,3.9962,4.0738,4.288,4.3669,4.9937,5.1033
2025-01-01 09:28:20,3.9294,4.0062,4.2367,4.3303,5.01,5.1142
2025-01-01 09:28:22,3.9446,4.0386,4.3184,4.398,4.9939,5.1009
2025-01-01 09:28:24,3.8992,3.9747,4.2765,4.3641,5.0999,5.2076
2025-01-01 09:28:26,4.0129,4.0873,4.3621,4.4489,5.0823,5.1924
2025-01-01 09:28:28,4.04,4.1319,4.2612,4.348,5.1267,5.2209
2025-01-01 09:28:30,3.8058,3.8945,4.2193,4.3274,5.0144,5.1342
2025-01-01 09:28:32,4.012,4.0831,4.3269,4.4119,5.0777,5.1799
2025-01-01 09:28:34,3.9315,4.0187,4.2995,4.3911,4.992,5.0902
2025-01-01 09:28:36,3.9183,3.9956,4.2761,4.3679,4.9892,5.0852
2025-01-01 09:28:38,3.8716,3.9543,4.2161,4.3097,5.0136,5.1221
2025-01-01 09:28:40,3.9888,4.0677,4.2673,4.3538,5.0356,5.1428
2025-01-01 09:28:42,3.9853,4.0701,4.2876,4.3754,5.0724,5.1795
2025-01-01 09:28:44,3.9595,4.0421,4.2831,4.3563,5.1192,5.228
2025-01-01 09:28:46,3.7637,3.8519,4.2224,4.3006,5.0531,5.1483
2025-01-01 09:28:48,4.1192,4.2087,4.2963,4.3814,5.1676,5.2805
2025-01-01 09:28:50,3.8712,3.9526,4.2473,4.3308,4.9683,5.0556
2025-01-01 09:28:52,3.9,3.9749,4.2215,4.2982,4.9962,5.0954
2025-01-01 09:28:54,4.0678,4.1513,4.3092,4.4092,5.0586,5.1575
2025-01-01 09:28:56,3.9304,4.0075,4.2541,4.3371,5.0461,5.1449
2025-01-01 09:28:58,4.0003,4.0932,4.3021,4.3756,5.0343,5.1353
2025-01-01 09:29:00,4.0539,4.1392,4.2531,4.3264,5.1145,5.2147
2025-01-01 09:29:02,3.8835,3.9635,4.2578,4.344,5.0764,5.183
2025-01-01 09:29:04,3.9306,4.0064,4.2557,4.3377,5.0421,5.1529
2025-01-01 09:29:06,3.9305,4.0087,4.2531,4.3313,5.0486,5.151
2025-01-01 09:29:08,3.9076,3.9793,4.2465,4.334,4.9433,5.0465
2025-01-01 09:29:10,3.9248,4.005,4.269,4.3524,5.1317,5.2257
2025-01-01 09:29:12,3.9131,3.9963,4.2779,4.3503,4.9718,5.0843
2025-01-01 09:29:14,3.9673,4.0512,4.2889,4.3943,5.1607,5.2639
2025-01-01 09:29:16,3.9737,4.0537,4.2991,4.3858,5.1528,5.2619
2025-01-01 09:29:18,3.9192,3.9917,4.2446,4.3283,5.0343,5.1236
2025-01-01 09:29:20,3.9363,4.0207,4.2496,4.3359,4.9497,5.0551
2025-01-01 09:29:22,3.9227,4.0001,4.2435,4.334,5.0147,5.1197
2025-01-01 09:29:24,3.8424,3.9075,4.2387,4.3331,5.055,5.1457
2025-01-01 09:29:26,4.0072,4.0862,4.2756,4.3616,4.987,5.0876
2025-01-01 09:29:28,3.8929,3.9765,4.218,4.3107,4.9218,5.02
2025-01-01 09:29:30,4.0653,4.1453,4.3184,4.397,5.0605,5.1558
2025-01-01 09:29:32,3.88,3.9664,4.2021,4.2982,4.9822,5.0842
2025-01-01 09:29:34,3.9964,4.0765,4.2953,4.3809,5.0777,5.189
2025-01-01 09:29:36,4.0127,4.0898,4.3623,4.4434,5.0786,5.1854
2025-01-01 09:29:38,3.9496,4.0338,4.3025,4.3922,5.1214,5.2274
2025-01-01 09:29:40,3.9493,4.0323,4.28,4.3631,5.0068,5.0943
2025-01-01 09:29:42,3.9355,4.0211,4.3155,4.401,4.9718,5.0739
2025-01-01 09:29:44,3.9454,4.032,4.2731,4.3578,4.9871,5.0926
2025-01-01 09:29:46,3.9578,4.033,4.3116,4.3975,5.1508,5.2378
2025-01-01 09:29:48,4.0684,4.1404,4.314,4.4108,5.0499,5.1631
2025-01-01 09:29:50,3.9666,4.0454,4.2701,4.3474,5.0292,5.1272
2025-01-01 09:29:52,3.8969,3.9725,4.226,4.3106,4.9946,5.104
2025-01-01 09:29:54,3.9268,4.0148,4.2114,4.3041,4.9376,5.0411
2025-01-01 09:29:56,3.9227,4.0119,4.2888,4.3871,5.0015,5.097
2025-01-01 09:29:58,3.9789,4.066,4.2989,4.3873,5.1631,5.2801
2025-01-01 09:30:00,4.0529,4.1296,4.2411,4.3304,5.1228,5.217
2025-01-01 09:30:02,4.0306,4.1034,4.2983,4.3901,5.1836,5.2745
2025-01-01 09:30:04,3.8888,3.965,4.2082,4.2906,4.9884,5.0859
2025-01-01 09:30:06,3.9859,4.0615,4.2973,4.3727,5.0733,5.1794
2025-01-01 09:30:08,4.017,4.1087,4.2701,4.3624,4.9479,5.0474
2025-01-01 09:30:10,3.9919,4.0685,4.2257,4.3115,5.1058,5.1928
2025-01-01 09:30:12,4.1232,4.2208,4.2833,4.3843,5.1721,5.2757
2025-01-01 09:30:14,3.9581,4.0452,4.3146,4.4105,5.0371,5.1447
2025-01-01 09:30:16,3.8969,3.976,4.225,4.3096,5.0055,5.1083
2025-01-01 09:30:18,3.7911,3.8666,4.2314,4.314,5.0767,5.1772
2025-01-01 09:30:20,3.9824,4.0692,4.2136,4.2987,5.0794,5.2025
2025-01-01 09:30:22,4.0139,4.0987,4.2235,4.3044,5.1053,5.2142
2025-01-01 09:30:24,3.8857,3.9431,4.2177,4.3105,4.9253,5.0279
2025-01-01 09:30:26,3.991,4.0566,4.3046,4.3869,5.1728,5.2831
2025-01-01 09:30:28,4.1253,4.2125,4.2971,4.3826,5.1704,5.2757
2025-01-01 09:30:30,3.8337,3.9135,4.2287,4.3203,5.0188,5.1212
2025-01-01 09:30:32,3.9902,4.0671,4.2241,4.3029,5.0906,5.1963
2025-01-01 09:30:34,3.9809,4.0692,4.2165,4.294,5.0975,5.1913
2025-01-01 09:30:36,3.9391,4.0124,4.2537,4.3368,4.9379,5.0308
2025-01-01 09:30:38,3.8947,3.9771,4.2195,4.2932,4.9422,5.0327
2025-01-01 09:30:40,4.0517,4.1449,4.292,4.371,5.1261,5.2324
2025-01-01 09:30:42,3.9655,4.0425,4.2723,4.3511,4.9789,5.0784
2025-01-01 09:30:44,3.9013,3.9861,4.2676,4.3505,4.988,5.087
2025-01-01 09:30:46,3.8988,3.9711,4.2332,4.3143,4.9611,5.0578
2025-01-01 09:30:48,4.0086,4.0998,4.2216,4.3054,5.1162,5.2126
2025-01-01 09:30:50,3.9978,4.0878,4.3056,4.3829,5.0132,5.1228
2025-01-01 09:30:52,3.8962,3.9788,4.2608,4.339,5.0786,5.1868
2025-01-01 09:30:54,3.7965,3.8777,4.2262,4.3133,5.0111,5.1245
2025-01-01 09:30:56,3.9142,3.9919,4.264,4.3533,4.9854,5.0724
2025-01-01 09:30:58,3.926,4.0124,4.2773,4.3681,5.0057,5.1172
2025-01-01 09:31:00,3.9706,4.0513,4.2817,4.3703,5.0153,5.1144
2025-01-01 09:31:02,3.8347,3.9011,4.2607,4.3383,5.0447,5.1561
2025-01-01 09:31:04,3.8094,3.8798,4.2296,4.3099,5.0141,5.1147
2025-01-01 09:31:06,3.8939,3.9797,4.2441,4.3412,4.977,5.0767
2025-01-01 09:31:08,4.0459,4.1367,4.2919,4.379,5.1195,5.2227
2025-01-01 09:31:10,3.9993,4.0759,4.3282,4.4172,5.0699,5.1721
2025-01-01 09:31:12,3.9659,4.0435,4.2704,4.3634,5.0003,5.1103
2025-01-01 09:31:14,3.805,3.8761,4.235,4.3157,5.0626,5.1772
2025-01-01 09:31:16,3.9988,4.092,4.3461,4.4376,5.0765,5.1871
2025-01-01 09:31:18,3.9761,4.0414,4.3131,4.4012,5.0456,5.1413
2025-01-01 09:31:20,3.8912,3.9745,4.2791,4.372,5.1012,5.2051
2025-01-01 09:31:22,3.9552,4.0432,4.2623,4.3462,5.0206,5.1344
2025-01-01 09:31:24,4.0735,4.1567,4.2848,4.3901,5.1595,5.256
2025-01-01 09:31:26,3.9392,4.0019,4.2707,4.3536,4.9913,5.0811
2025-01-01 09:31:28,3.9521,4.0274,4.2687,4.3452,4.9695,5.0758
2025-01-01 09:31:30,3.798,3.8646,4.2372,4.32,5.0795,5.1749
2025-01-01 09:31:32,3.9065,3.9782,4.242,4.3316,4.951,5.0483
2025-01-01 09:31:34,3.9251,4.0013,4.2488,4.328,5.0204,5.1286
2025-01-01 09:31:36,3.8795,3.957,4.2125,4.2976,4.9515,5.0619
2025-01-01 09:31:38,3.9092,4.0005,4.2425,4.3275,5.0434,5.148
2025-01-01 09:31:40,3.8279,3.8973,4.2461,4.3264,5.0331,5.1177
2025-01-01 09:31:42,4.0657,4.1316,4.3348,4.4185,5.1384,5.2438
2025-01-01 09:31:44,3.9566,4.0311,4.273,4.3562,4.9965,5.0913
2025-01-01 09:31:46,4.0553,4.1429,4.3327,4.425,5.1546,5.247
2025-01-01 09:31:48,3.7993,3.874,4.2215,4.3152,5.0224,5.1143
2025-01-01 09:31:50,3.8047,3.8732,4.2187,4.3092,4.9632,5.054
2025-01-01 09:31:52,4.0301,4.1235,4.2724,4.3554,5.1182,5.2234
2025-01-01 09:31:54,3.958,4.0388,4.2864,4.3707,5.0773,5.1829
2025-01-01 09:31:56,3.8837,3.9559,4.222,4.3098,4.9548,5.0644
2025-01-01 09:31:58,3.8734,3.9543,4.2139,4.2944,4.9192,5.0168
2025-01-01 09:32:00,4.0158,4.098,4.218,4.3105,5.0993,5.2161
2025-01-01 09:32:02,4.0047,4.0753,4.3025,4.3928,5.0259,5.1274
2025-01-01 09:32:04,3.9321,4.0083,4.283,4.3707,5.0066,5.1073
2025-01-01 09:32:06,4.0033,4.0838,4.2758,4.3567,4.9923,5.0914
2025-01-01 09:32:08,3.9149,3.99,4.2522,4.327,5.004,5.0957
2025-01-01 09:32:10,3.9352,4.0096,4.2187,4.3012,4.92,5.0278
2025-01-01 09:32:12,3.7952,3.8747,4.219,4.3099,5.0692,5.1716
2025-01-01 09:32:14,3.871,3.946,4.1962,4.2934,4.9542,5.0542
2025-01-01 09:32:16,3.9629,4.0472,4.283,4.3763,5.035,5.1152
2025-01-01 09:32:18,3.942,4.0156,4.2805,4.3673,5.1387,5.2371
2025-01-01 09:32:20,3.7708,3.8526,4.2195,4.3115,5.0518,5.158
2025-01-01 09:32:22,4.0637,4.1413,4.2784,4.3656,5.1399,5.235
2025-01-01 09:32:24,3.9488,4.03,4.2693,4.3583,5.1216,5.2415
2025-01-01 09:32:26,3.8743,3.9554,4.244,4.3242,4.9668,5.0775
2025-01-01 09:32:28,3.9879,4.0658,4.3245,4.4229,5.0794,5.1801
2025-01-01 09:32:30,4.0029,4.0798,4.2824,4.3676,4.9876,5.0982
2025-01-01 09:32:32,3.9604,4.0407,4.3143,4.4083,5.0416,5.1392
2025-01-01 09:32:34,4.0615,4.1368,4.2418,4.321,5.1089,5.1941
2025-01-01 09:32:36,3.8824,3.9656,4.2206,4.2973,4.9392,5.0412
2025-01-01 09:32:38,3.9997,4.0804,4.3029,4.3906,5.025,5.1351
2025-01-01 09:32:40,3.7775,3.8394,4.2153,4.3081,5.0429,5.1498
2025-01-01 09:32:42,3.9916,4.0708,4.3395,4.4244,5.0783,5.1778
2025-01-01 09:32:44,4.058,4.1377,4.3144,4.4025,5.0594,5.1644
2025-01-01 09:32:46,3.9361,4.0001,4.2632,4.3543,5.1226,5.221
2025-01-01 09:32:48,3.8958,3.973,4.2531,4.3332,5.1022,5.1933
2025-01-01 09:32:50,3.9087,3.9854,4.2488,4.3476,4.9696,5.0764
2025-01-01 09:32:52,3.8948,3.9769,4.2259,4.3066,4.9709,5.076
2025-01-01 09:32:54,3.8785,3.9676,4.2432,4.3398,5.072,5.1756
2025-01-01 09:32:56,4.0759,4.1563,4.291,4.3839,5.1538,5.2506
2025-01-01 09:32:58,3.996,4.0871,4.297,4.3891,5.0354,5.1456
2025-01-01 09:33:00,4.0159,4.0965,4.2764,4.3606,4.948,5.0525
2025-01-01 09:33:02,3.9471,4.0297,4.2512,4.3384,4.964,5.0556
2025-01-01 09:33:04,3.798,3.8724,4.2351,4.3201,5.039,5.1446
2025-01-01 09:33:06,4.0639,4.1436,4.3378,4.4213,5.1412,5.2461
2025-01-01 09:33:08,4.0569,4.1433,4.2861,4.379,5.1303,5.2275
2025-01-01 09:33:10,3.9723,4.0556,4.3032,4.3875,5.1682,5.274
2025-01-01 09:33:12,3.9494,4.0373,4.2767,4.3647,5.1255,5.2302
2025-01-01 09:33:14,3.8349,3.9072,4.2634,4.3455,5.0571,5.1551
2025-01-01 09:33:16,3.8976,3.9843,4.2353,4.3128,4.9259,5.025
2025-01-01 09:33:18,3.8663,3.9623,4.2153,4.2878,4.925,5.0207
2025-01-01 09:33:20,3.9538,4.0336,4.2833,4.3668,5.0045,5.0974
2025-01-01 09:33:22,3.8791,3.9559,4.2147,4.3048,4.916,5.0273
2025-01-01 09:33:24,3.9632,4.0418,4.3302,4.4262,5.0293,5.1279
2025-01-01 09:33:26,3.8955,3.972,4.2502,4.3309,5.0871,5.1855
2025-01-01 09:33:28,4.0302,4.1041,4.2929,4.3719,5.0197,5.1108
2025-01-01 09:33:30,3.8314,3.9066,4.2467,4.3379,5.0484,5.1516
2025-01-01 09:33:32,3.9894,4.0711,4.2992,4.3898,5.1724,5.2687
2025-01-01 09:33:34,3.8114,3.8778,4.221,4.32,5.0031,5.1091
2025-01-01 09:33:36,3.923,4.0095,4.2389,4.3336,5.0172,5.124
2025-01-01 09:33:38,4.0153,4.0949,4.2925,4.3946,5.043,5.1433
2025-01-01 09:33:40,3.9132,3.9904,4.2503,4.3362,4.9447,5.0495
2025-01-01 09:33:42,3.9639,4.043,4.2687,4.369,5.0033,5.0972
2025-01-01 09:33:44,3.8785,3.9451,4.2548,4.3227,4.9599,5.0558
2025-01-01 09:33:46,3.9474,4.0321,4.2847,4.3626,4.9928,5.0998
2025-01-01 09:33:48,3.9797,4.0709,4.2152,4.3022,5.0926,5.1941
2025-01-01 09:33:50,4.0133,4.0887,4.2908,4.3844,5.0866,5.2051
2025-01-01 09:33:52,3.9554,4.0298,4.2749,4.3394,4.9691,5.0763
2025-01-01 09:33:54,3.8335,3.9196,4.2552,4.3395,5.0435,5.1428
2025-01-01 09:33:56,3.8774,3.9459,4.2178,4.2972,5.0028,5.1068
2025-01-01 09:33:58,3.9202,4.0011,4.3012,4.3762,4.9889,5.0882
2025-01-01 09:34:00,3.8969,3.9885,4.2375,4.3181,4.9852,5.0764
2025-01-01 09:34:02,3.825,3.9096,4.235,4.3222,5.0267,5.1377
2025-01-01 09:34:04,3.9224,3.9998,4.271,4.3469,5.1258,5.2257
2025-01-01 09:34:06,3.9993,4.0774,4.2338,4.3119,5.0972,5.2016
2025-01-01 09:34:08,4.0641,4.1418,4.3311,4.4119,5.1589,5.2408
2025-01-01 09:34:10,3.9421,4.0208,4.287,4.3669,5.0211,5.1246
2025-01-01 09:34:12,3.9344,4.0143,4.3137,4.3951,4.9952,5.091
2025-01-01 09:34:14,4.024,4.1066,4.3662,4.4496,5.0751,5.1899
2025-01-01 09:34:16,3.8049,3.8925,4.2459,4.3275,4.9924,5.1018
2025-01-01 09:34:18,3.9482,4.0289,4.2772,4.3611,4.9929,5.1003
2025-01-01 09:34:20,4.0643,4.1464,4.2971,4.3805,5.1321,5.2266
2025-01-01 09:34:22,3.9919,4.0684,4.2673,4.3523,5.0425,5.1569
2025-01-01 09:34:24,3.824,3.9035,4.23,4.3155,5.031,5.1332
2025-01-01 09:34:26,3.8897,3.9698,4.237,4.3309,4.983,5.0879
2025-01-01 09:34:28,3.9976,4.0768,4.3008,4.3953,5.0409,5.1325
2025-01-01 09:34:30,3.7715,3.8477,4.2234,4.3067,5.0526,5.1568
2025-01-01 09:34:32,3.8795,3.9644,4.2084,4.2993,4.9313,5.0362
2025-01-01 09:34:34,3.8189,3.8924,4.2229,4.3139,5.0317,5.1291
2025-01-01 09:34:36,3.9474,4.0195,4.2855,4.3635,5.0079,5.1116
2025-01-01 09:34:38,4.0045,4.1031,4.2743,4.3544,4.9912,5.0833
2025-01-01 09:34:40,3.8723,3.9521,4.2046,4.3008,4.9173,5.0263
2025-01-01 09:34:42,3.8912,3.9666,4.2495,4.3357,5.082,5.1772
2025-01-01 09:34:44,3.8871,3.9674,4.2355,4.3304,4.99,5.0899
2025-01-01 09:34:46,3.7913,3.8705,4.2269,4.3057,5.0729,5.169
2025-01-01 09:34:48,3.9621,4.0513,4.2762,4.3635,5.0051,5.1159
2025-01-01 09:34:50,3.9924,4.0697,4.2192,4.3116,5.0924,5.1884
2025-01-01 09:34:52,3.824,3.9016,4.2405,4.3254,5.0289,5.1323
2025-01-01 09:34:54,3.9094,3.9896,4.2528,4.3221,4.9932,5.0822
2025-01-01 09:34:56,3.8927,3.9738,4.2346,4.3123,5.0494,5.1431
2025-01-01 09:34:58,3.9765,4.0494,4.3009,4.4015,5.1659,5.2647
2025-01-01 09:35:00,3.8956,3.975,4.2425,4.3201,5.0374,5.1421
2025-01-01 09:35:02,3.8833,3.9566,4.3065,4.3927,4.9392,5.047
2025-01-01 09:35:04,3.7681,3.8429,4.2174,4.3086,5.052,5.1468
2025-01-01 09:35:06,3.9286,4.0095,4.3072,4.397,4.9806,5.0935
2025-01-01 09:35:08,4.0614,4.1493,4.3235,4.4195,5.1402,5.2444
2025-01-01 09:35:10,4.0116,4.0866,4.2933,4.3649,4.987,5.085
2025-01-01 09:35:12,3.8035,3.8729,4.2166,4.3064,4.9583,5.0628
2025-01-01 09:35:14,3.9498,4.0231,4.2499,4.3403,4.9534,5.0625
2025-01-01 09:35:16,3.8265,3.906,4.2347,4.3231,5.0305,5.1285
2025-01-01 09:35:18,4.0373,4.1232,4.2768,4.3604,5.1112,5.2237
2025-01-01 09:35:20,4.0471,4.1155,4.2522,4.3555,5.1225,5.2368
2025-01-01 09:35:22,3.9697,4.0345,4.307,4.3985,5.1379,5.2491
2025-01-01 09:35:24,3.9139,4.0079,4.2516,4.3327,4.9422,5.0405
2025-01-01 09:35:26,3.9969,4.0843,4.2976,4.388,5.1762,5.2788
2025-01-01 09:35:28,3.8182,3.894,4.2348,4.3252,5.0246,5.1204
2025-01-01 09:35:30,3.9862,4.0658,4.2795,4.3763,5.0678,5.1762
2025-01-01 09:35:32,3.994,4.0646,4.2958,4.3861,5.1657,5.2718
2025-01-01 09:35:34,3.9468,4.0236,4.2523,4.3395,4.9721,5.0772
2025-01-01 09:35:36,3.9859,4.0551,4.2765,4.353,5.048,5.1516
2025-01-01 09:35:38,4.0108,4.0835,4.2744,4.3601,5.0547,5.1472
2025-01-01 09:35:40,3.9753,4.0401,4.3289,4.4015,5.0326,5.1342
2025-01-01 09:35:42,3.8756,3.9494,4.2167,4.2909,4.922,5.0151
2025-01-01 09:35:44,4.029,4.1036,4.2515,4.3331,5.1218,5.213
2025-01-01 09:35:46,3.9439,4.0173,4.2454,4.3345,4.9287,5.0296
2025-01-01 09:35:48,3.8881,3.9638,4.209,4.3085,4.9413,5.0511
2025-01-01 09:35:50,3.9392,4.0166,4.2713,4.3615,4.9976,5.0982
2025-01-01 09:35:52,4.0138,4.085,4.2705,4.3472,4.9829,5.0963
2025-01-01 09:35:54,3.7941,3.8728,4.2341,4.322,5.0782,5.1783
2025-01-01 09:35:56,4.0633,4.1435,4.3242,4.4078,5.0517,5.1611
2025-01-01 09:35:58,3.9142,3.9876,4.2568,4.3468,5.0034,5.0874
2025-01-01 09:36:00,3.9694,4.0413,4.2595,4.3403,4.9407,5.051
2025-01-01 09:36:02,3.9227,4.0004,4.3031,4.3741,4.9862,5.0842
2025-01-01 09:36:04,3.9413,4.0231,4.2722,4.3604,5.0092,5.1072
2025-01-01 09:36:06,3.9466,4.0251,4.278,4.3649,5.1212,5.2302
2025-01-01 09:36:08,4.0385,4.1271,4.2559,4.3459,5.1156,5.2239
2025-01-01 09:36:10,3.9154,4.0096,4.2424,4.3349,5.0058,5.1152
2025-01-01 09:36:12,3.8554,3.9335,4.2492,4.3211,5.0288,5.1282
2025-01-01 09:36:14,4.0863,4.148,4.2935,4.3831,5.1563,5.2577
2025-01-01 09:36:16,3.9107,3.9833,4.2423,4.3338,4.9925,5.0938
2025-01-01 09:36:18,3.8579,3.9325,4.267,4.3472,5.0641,5.1664
2025-01-01 09:36:20,4.0121,4.0812,4.294,4.3859,5.031,5.1257
2025-01-01 09:36:22,3.7829,3.8641,4.2252,4.3168,5.0395,5.1496
2025-01-01 09:36:24,3.8454,3.9277,4.2449,4.3353,5.0248,5.1261
2025-01-01 09:36:26,4.0461,4.1279,4.2467,4.3266,5.1189,5.2314
2025-01-01 09:36:28,3.9157,3.9902,4.2502,4.3324,4.9985,5.1013
2025-01-01 09:36:30,3.8008,3.8709,4.2247,4.3146,4.9561,5.0578
2025-01-01 09:36:32,3.9372,4.015,4.2568,4.3341,4.9409,5.031
2025-01-01 09:36:34,3.9223,4.0101,4.2391,4.3338,5.0392,5.1455
2025-01-01 09:36:36,3.9566,4.0376,4.2759,4.37,4.9843,5.1023
2025-01-01 09:36:38,3.8881,3.9607,4.2703,4.3507,5.0948,5.1925
2025-01-01 09:36:40,4.072,4.1715,4.2928,4.3884,5.1647,5.2707
2025-01-01 09:36:42,3.9373,4.0135,4.2584,4.3361,4.9529,5.051
2025-01-01 09:36:44,3.8955,3.9735,4.2438,4.3422,4.9728,5.0785
2025-01-01 09:36:46,3.9227,4.0101,4.225,4.2982,4.9315,5.0367
2025-01-01 09:36:48,3.8084,3.8698,4.2334,4.315,5.0242,5.1169
2025-01-01 09:36:50,3.8911,3.9716,4.2463,4.3477,5.052,5.1554
2025-01-01 09:36:52,3.9243,4.0023,4.2539,4.3334,5.0432,5.15
2025-01-01 09:36:54,4.0196,4.1063,4.3176,4.3942,5.1809,5.2773
2025-01-01 09:36:56,4.0246,4.112,4.2549,4.3297,5.1085,5.2222
2025-01-01 09:36:58,3.8719,3.9378,4.2069,4.299,5.0245,5.1226
2025-01-01 09:37:00,4.0037,4.0818,4.3323,4.4075,5.0772,5.1806
2025-01-01 09:37:02,4.0561,4.1377,4.2908,4.376,5.1326,5.2351
2025-01-01 09:37:04,3.827,3.9003,4.2334,4.3125,4.9592,5.0535
2025-01-01 09:37:06,4.0639,4.1454,4.2804,4.3722,5.1394,5.2337
2025-01-01 09:37:08,3.8938,3.9683,4.2391,4.3329,4.9865,5.0856
2025-01-01 09:37:10,3.8341,3.9128,4.2336,4.3181,5.0066,5.1175
2025-01-01 09:37:12,3.9865,4.0678,4.2714,4.3576,5.0351,5.1431
2025-01-01 09:37:14,3.9082,3.9923,4.256,4.3421,4.9779,5.0717
2025-01-01 09:37:16,3.9471,4.0295,4.245,4.3388,4.9263,5.031
2025-01-01 09:37:18,3.9009,3.9827,4.2392,4.3157,4.9833,5.0767
2025-01-01 09:37:20,3.9362,4.0239,4.2555,4.3377,4.9605,5.0496
2025-01-01 09:37:22,4.0173,4.1034,4.2775,4.3676,4.9465,5.0528
2025-01-01 09:37:24,3.8941,3.9762,4.2482,4.3326,5.0973,5.1979
2025-01-01 09:37:26,3.8461,3.9267,4.2589,4.3372,5.1051,5.2101
2025-01-01 09:37:28,3.9662,4.0352,4.257,4.3456,5.0239,5.1236
2025-01-01 09:37:30,4.0292,4.1048,4.2209,4.3133,5.136,5.2309
2025-01-01 09:37:32,3.8325,3.9152,4.2431,4.333,5.042,5.151
2025-01-01 09:37:34,4.0444,4.1198,4.2656,4.3565,5.107,5.2167
2025-01-01 09:37:36,3.9063,3.9874,4.2436,4.3341,4.9761,5.0816
2025-01-01 09:37:38,3.906,3.9843,4.2588,4.3423,4.9844,5.0743
2025-01-01 09:37:40,3.834,3.9148,4.243,4.336,5.0417,5.1461
2025-01-01 09:37:42,3.8991,3.9727,4.2118,4.3121,4.9899,5.0919
2025-01-01 09:37:44,3.9412,4.0236,4.2615,4.3431,5.0218,5.1223
2025-01-01 09:37:46,3.8963,3.981,4.2359,4.3234,5.0416,5.1387
2025-01-01 09:37:48,4.0126,4.0936,4.3548,4.4499,5.0867,5.1888
2025-01-01 09:37:50,3.9554,4.0402,4.2447,4.3437,5.028,5.1152
2025-01-01 09:37:52,3.9448,4.0257,4.2579,4.3356,4.9671,5.0567
2025-01-01 09:37:54,3.8778,3.9488,4.2147,4.2844,4.9504,5.0518
2025-01-01 09:37:56,3.8278,3.8997,4.2336,4.3178,5.0304,5.1308
2025-01-01 09:37:58,4.0069,4.0891,4.3644,4.4426,5.0775,5.1881
2025-01-01 09:38:00,4.0619,4.1368,4.3014,4.393,5.1658,5.2734
2025-01-01 09:38:02,3.9822,4.0595,4.3352,4.4231,5.0716,5.1793
2025-01-01 09:38:04,3.9394,4.0181,4.2817,4.3533,5.131,5.2392
2025-01-01 09:38:06,3.9889,4.0692,4.2719,4.3561,5.0589,5.1631
2025-01-01 09:38:08,3.8343,3.9204,4.2279,4.325,5.0302,5.1147
2025-01-01 09:38:10,3.9681,4.0439,4.302,4.3881,5.1549,5.2693
2025-01-01 09:38:12,3.9697,4.0523,4.327,4.4112,5.0478,5.1586
2025-01-01 09:38:14,4.0005,4.0886,4.3021,4.3833,5.0224,5.1182
2025-01-01 09:38:16,3.9683,4.0454,4.329,4.4029,5.0293,5.1333
2025-01-01 09:38:18,3.892,3.9716,4.2136,4.3043,4.9953,5.0905
2025-01-01 09:38:20,3.8512,3.933,4.2049,4.3044,5.0046,5.1141
2025-01-01 09:38:22,3.9279,4.0112,4.2501,4.3378,5.048,5.1535
2025-01-01 09:38:24,3.902,3.9731,4.2155,4.305,4.9452,5.0554
2025-01-01 09:38:26,3.9549,4.0247,4.286,4.3759,5.0781,5.1731
2025-01-01 09:38:28,3.8834,3.9673,4.2163,4.3061,4.9535,5.0465
2025-01-01 09:38:30,3.8533,3.9385,4.2472,4.3333,5.0232,5.1333
2025-01-01 09:38:32,4.0078,4.0972,4.282,4.3777,5.0645,5.1684
2025-01-01 09:38:34,3.9997,4.0765,4.2861,4.3671,5.0053,5.1177
2025-01-01 09:38:36,4.0626,4.1375,4.2294,4.3145,5.1049,5.2081
2025-01-01 09:38:38,4.0088,4.087,4.2997,4.3817,5.0431,5.1499
2025-01-01 09:38:40,4.0065,4.095,4.2816,4.3686,5.0763,5.1579
2025-01-01 09:38:42,3.8853,3.9609,4.2622,4.3422,5.0912,5.1962
2025-01-01 09:38:44,3.8531,3.9279,4.2372,4.3267,5.0263,5.1201
2025-01-01 09:38:46,3.8172,3.8911,4.2498,4.3237,4.9984,5.0998
2025-01-01 09:38:48,3.9579,4.0333,4.2691,4.3619,4.9917,5.0944
2025-01-01 09:38:50,3.8783,3.9431,4.2075,4.2903,4.9507,5.0524
2025-01-01 09:38:52,3.9907,4.0676,4.3026,4.3953,5.0242,5.1245
2025-01-01 09:38:54,4.022,4.0951,4.2157,4.3124,5.1119,5.2137
2025-01-01 09:38:56,3.8486,3.9217,4.2064,4.2926,5.0139,5.109
2025-01-01 09:38:58,4.0325,4.1087,4.312,4.4093,5.1678,5.2779
2025-01-01 09:39:00,3.8841,3.9662,4.227,4.302,4.9128,5.0223
2025-01-01 09:39:02,3.9505,4.0301,4.2769,4.3518,5.1314,5.2303
2025-01-01 09:39:04,3.886,3.96,4.2655,4.3519,5.0947,5.1919
2025-01-01 09:39:06,4.0593,4.1499,4.2853,4.3756,5.154,5.2599
2025-01-01 09:39:08,3.9227,4.0067,4.2632,4.3409,5.119,5.2286
2025-01-01 09:39:10,3.9653,4.0493,4.2866,4.378,5.0253,5.1221
2025-01-01 09:39:12,3.924,4.0106,4.2414,4.3358,5.0406,5.1418
2025-01-01 09:39:14,4.0264,4.1137,4.2792,4.369,5.0072,5.1116
2025-01-01 09:39:16,3.9548,4.0317,4.3145,4.3951,5.1477,5.2594
2025-01-01 09:39:18,3.9544,4.0288,4.2718,4.3601,4.9947,5.0912
2025-01-01 09:39:20,3.9312,4.012,4.3204,4.4109,5.0173,5.1212
2025-01-01 09:39:22,4.0834,4.1745,4.2974,4.3867,5.1685,5.2672
2025-01-01 09:39:24,3.9614,4.051,4.2574,4.3423,5.0269,5.1301
2025-01-01 09:39:26,4.026,4.1225,4.2199,4.3011,5.0941,5.1886
2025-01-01 09:39:28,3.9486,4.0379,4.2754,4.3649,4.9948,5.0987
2025-01-01 09:39:30,3.8914,3.9622,4.2239,4.314,4.9444,5.048
2025-01-01 09:39:32,3.8825,3.9574,4.2496,4.3404,5.0696,5.1786
2025-01-01 09:39:34,3.965,4.0564,4.311,4.398,5.1478,5.2667
2025-01-01 09:39:36,3.9419,4.029,4.2735,4.3627,5.141,5.2351
2025-01-01 09:39:38,3.9719,4.0499,4.2861,4.373,5.0174,5.117
2025-01-01 09:39:40,3.9458,4.0313,4.2681,4.3544,4.9896,5.0951
2025-01-01 09:39:42,3.7995,3.8809,4.2364,4.318,5.0649,5.1766
2025-01-01 09:39:44,3.8849,3.9674,4.2209,4.3066,4.9256,5.0193
2025-01-01 09:39:46,3.8786,3.9586,4.2155,4.3032,4.928,5.0275
2025-01-01 09:39:48,3.7727,3.8632,4.2237,4.3187,5.0732,5.1691
2025-01-01 09:39:50,3.9555,4.0358,4.269,4.3559,4.9945,5.0871
2025-01-01 09:39:52,3.7926,3.8697,4.2134,4.3011,5.0713,5.1691
2025-01-01 09:39:54,3.9398,4.0166,4.2716,4.3632,4.9682,5.0819
2025-01-01 09:39:56,3.8869,3.9605,4.2423,4.3242,4.9982,5.0973
2025-01-01 09:39:58,3.8911,3.9683,4.2385,4.3338,5.0415,5.1495
2025-01-01 09:40:00,3.8838,3.9738,4.2432,4.3334,4.9915,5.092
2025-01-01 09:40:02,3.9443,4.0226,4.269,4.3474,4.9853,5.0828
2025-01-01 09:40:04,3.9568,4.0263,4.3108,4.3928,4.9823,5.0886
2025-01-01 09:40:06,3.8019,3.8659,4.2301,4.3117,5.016,5.1196
2025-01-01 09:40:08,3.9902,4.068,4.3392,4.4145,5.074,5.1726
2025-01-01 09:40:10,3.9735,4.0505,4.3157,4.406,5.034,5.1478
2025-01-01 09:40:12,3.9269,4.0087,4.2802,4.366,5.0059,5.1035
2025-01-01 09:40:14,3.9906,4.0632,4.283,4.3538,5.05,5.1487
2025-01-01 09:40:16,4.0415,4.1218,4.2514,4.3345,5.1311,5.213
2025-01-01 09:40:18,3.8524,3.9229,4.2247,4.3014,4.9593,5.061
2025-01-01 09:40:20,3.9872,4.0635,4.3317,4.4113,5.0652,5.1764
2025-01-01 09:40:22,3.9311,4.013,4.2783,4.3687,4.9939,5.1012
2025-01-01 09:40:24,3.9751,4.0506,4.3024,4.3935,5.1594,5.2579
2025-01-01 09:40:26,3.8929,3.9707,4.272,4.336,5.0896,5.186
2025-01-01 09:40:28,4.0716,4.1433,4.2783,4.3643,5.1317,5.2301
2025-01-01 09:40:30,3.9997,4.0813,4.2802,4.3611,5.0046,5.1036
2025-01-01 09:40:32,4.0636,4.1444,4.2876,4.3673,5.1605,5.256
2025-01-01 09:40:34,3.8252,3.9094,4.2504,4.3335,5.0512,5.1554
2025-01-01 09:40:36,3.8882,3.9719,4.2482,4.319,5.0283,5.1378
2025-01-01 09:40:38,3.936,4.0013,4.2835,4.3691,5.0022,5.1105
2025-01-01 09:40:40,3.9796,4.0559,4.2498,4.3449,5.0494,5.1536
2025-01-01 09:40:42,3.9575,4.0482,4.2637,4.3533,4.9493,5.041
2025-01-01 09:40:44,3.9247,4.0031,4.2989,4.3913,5.0026,5.1034
2025-01-01 09:40:46,3.9406,4.0168,4.258,4.3412,5.0268,5.1325
2025-01-01 09:40:48,4.0285,4.0997,4.2195,4.3187,5.0907,5.198
2025-01-01 09:40:50,3.807,3.8723,4.2377,4.3202,5.0083,5.1194
2025-01-01 09:40:52,3.8604,3.9426,4.2132,4.2985,5.0206,5.116
2025-01-01 09:40:54,3.9384,4.0219,4.2449,4.3269,4.9231,5.0263
2025-01-01 09:40:56,3.9491,4.0245,4.2599,4.3576,4.9753,5.0725
2025-01-01 09:40:58,3.9641,4.0384,4.3311,4.4131,5.0346,5.1353
2025-01-01 09:41:00,3.8234,3.9118,4.2294,4.3123,4.9552,5.0643
2025-01-01 09:41:02,3.9298,4.0095,4.2435,4.3322,5.0278,5.1255
2025-01-01 09:41:04,3.813,3.8969,4.2465,4.3303,5.0004,5.0973
2025-01-01 09:41:06,3.9939,4.0636,4.2677,4.3544,5.0419,5.1459
2025-01-01 09:41:08,3.9633,4.0263,4.2673,4.3602,4.9921,5.0866
2025-01-01 09:41:10,3.8122,3.8755,4.2334,4.3198,5.0717,5.1692
2025-01-01 09:41:12,3.9623,4.0416,4.262,4.3543,5.0274,5.1326
2025-01-01 09:41:14,3.9449,4.0235,4.2448,4.3415,4.937,5.036
2025-01-01 09:41:16,3.8872,3.9551,4.25,4.3305,5.0803,5.1806
2025-01-01 09:41:18,3.7855,3.8609,4.2335,4.3217,5.0657,5.1728
2025-01-01 09:41:20,3.9025,3.973,4.2228,4.2991,4.9599,5.0609
2025-01-01 09:41:22,3.9786,4.0654,4.2829,4.3547,5.1581,5.2617
2025-01-01 09:41:24,3.8858,3.9743,4.2018,4.2879,4.9849,5.0847
2025-01-01 09:41:26,3.9424,4.0193,4.2419,4.327,4.9305,5.0441
2025-01-01 09:41:28,3.9509,4.0366,4.2841,4.3786,5.0827,5.1852
2025-01-01 09:41:30,3.7903,3.8685,4.2331,4.3119,5.0713,5.1853
2025-01-01 09:41:32,3.8004,3.8711,4.2401,4.3132,5.0458,5.1357
2025-01-01 09:41:34,4.0018,4.0729,4.3053,4.3783,5.0211,5.1313
2025-01-01 09:41:36,4.0105,4.0925,4.2304,4.2927,5.107,5.2162
2025-01-01 09:41:38,3.9953,4.0739,4.2984,4.3855,5.0842,5.1884
2025-01-01 09:41:40,3.9677,4.0605,4.3156,4.4105,5.0429,5.1376
2025-01-01 09:41:42,3.9432,4.0241,4.2769,4.3622,5.0006,5.1146
2025-01-01 09:41:44,3.9251,4.0065,4.3051,4.3996,4.9848,5.0995
2025-01-01 09:41:46,4.002,4.0767,4.3442,4.4432,5.0592,5.1693
2025-01-01 09:41:48,4.0212,4.0983,4.3056,4.3948,5.0397,5.1474
2025-01-01 09:41:50,4.0102,4.0872,4.2968,4.3901,5.0186,5.1295
2025-01-01 09:41:52,4.0287,4.1026,4.3168,4.385,5.1738,5.265
2025-01-01 09:41:54,4.0218,4.1045,4.3138,4.3899,5.1703,5.2791
2025-01-01 09:41:56,4.0028,4.0896,4.2708,4.354,4.9977,5.0908
2025-01-01 09:41:58,3.9124,3.9828,4.2414,4.3252,4.9545,5.0638
2025-01-01 09:42:00,4.0079,4.086,4.2214,4.3152,5.1169,5.2126
2025-01-01 09:42:02,3.8935,3.979,4.228,4.3078,4.9586,5.0693
2025-01-01 09:42:04,3.8879,3.9652,4.2319,4.3301,5.0459,5.1384
2025-01-01 09:42:06,4.0773,4.1674,4.2906,4.391,5.1607,5.2672
2025-01-01 09:42:08,3.9287,4.0137,4.301,4.3881,5.0085,5.0991
2025-01-01 09:42:10,4.0032,4.076,4.2348,4.3065,5.1041,5.2024
2025-01-01 09:42:12,3.828,3.9023,4.234,4.3187,5.0205,5.1214
2025-01-01 09:42:14,4.0082,4.0961,4.2163,4.3055,5.1077,5.2113
2025-01-01 09:42:16,3.8241,3.9059,4.2448,4.3267,4.9812,5.0828
2025-01-01 09:42:18,3.9769,4.0464,4.2788,4.3678,5.0235,5.1214
2025-01-01 09:42:20,4.0484,4.1213,4.2666,4.3475,5.1159,5.2186
2025-01-01 09:42:22,4.0287,4.0969,4.3012,4.3961,5.1716,5.2732
2025-01-01 09:42:24,3.8846,3.9689,4.2145,4.2898,4.9674,5.0524
2025-01-01 09:42:26,3.9535,4.0305,4.2694,4.3715,4.9964,5.1026
2025-01-01 09:42:28,3.9998,4.079,4.3297,4.4122,5.0811,5.1723
2025-01-01 09:42:30,3.8936,3.9804,4.2246,4.3039,4.9315,5.0147
2025-01-01 09:42:32,3.8872,3.9519,4.2959,4.3897,4.9574,5.0437
2025-01-01 09:42:34,3.795,3.8814,4.2404,4.3248,5.0024,5.1111
2025-01-01 09:42:36,3.8859,3.9782,4.2519,4.315,5.0282,5.1372
2025-01-01 09:42:38,3.9678,4.0504,4.301,4.3952,5.1667,5.2623
2025-01-01 09:42:40,4.0183,4.1069,4.2121,4.3214,5.1226,5.241
2025-01-01 09:42:42,4.0441,4.1216,4.2433,4.3296,5.1128,5.2226
2025-01-01 09:42:44,3.9661,4.0455,4.3282,4.4165,5.0648,5.1607
2025-01-01 09:42:46,4.0005,4.0875,4.2898,4.3734,4.9934,5.0954
2025-01-01 09:42:48,3.8962,3.9663,4.2154,4.2984,4.9454,5.0484
2025-01-01 09:42:50,3.9536,4.0388,4.2629,4.3552,4.986,5.0816
2025-01-01 09:42:52,3.9981,4.073,4.2763,4.3689,5.0069,5.1103
2025-01-01 09:42:54,4.0175,4.1006,4.2265,4.3157,5.1237,5.2301
2025-01-01 09:42:56,3.8796,3.9568,4.2291,4.3204,4.9783,5.0748
2025-01-01 09:42:58,3.9016,3.9924,4.2661,4.3522,4.9565,5.0562
2025-01-01 09:43:00,3.8826,3.9504,4.2189,4.2929,4.9264,5.0346
2025-01-01 09:43:02,3.9779,4.0642,4.329,4.4267,5.0701,5.1741
2025-01-01 09:43:04,4.0242,4.0979,4.355,4.4549,5.0796,5.1807
2025-01-01 09:43:06,3.9307,4.0076,4.2942,4.3915,4.9751,5.0939
2025-01-01 09:43:08,3.9395,4.0211,4.2833,4.3705,5.0303,5.1219
2025-01-01 09:43:10,4.0583,4.152,4.2945,4.3828,5.1527,5.2619
2025-01-01 09:43:12,3.8888,3.9795,4.2305,4.3127,4.9988,5.1009
2025-01-01 09:43:14,3.8346,3.9095,4.2507,4.3325,5.0994,5.2051
2025-01-01 09:43:16,3.9599,4.0314,4.2887,4.3663,5.0149,5.1222
2025-01-01 09:43:18,4.0048,4.0813,4.3288,4.4172,5.0715,5.1837
2025-01-01 09:43:20,3.9873,4.0546,4.3314,4.4233,5.0765,5.1731
2025-01-01 09:43:22,3.7977,3.8704,4.2416,4.3226,5.0283,5.1249
2025-01-01 09:43:24,3.8339,3.9158,4.2601,4.3444,5.0526,5.155
2025-01-01 09:43:26,3.8658,3.9479,4.2064,4.2916,4.9559,5.0468
2025-01-01 09:43:28,3.9601,4.0454,4.264,4.3517,4.9632,5.0678
2025-01-01 09:43:30,3.9902,4.0759,4.2936,4.3721,5.0729,5.1747
2025-01-01 09:43:32,3.9068,3.9894,4.2361,4.3375,5.0528,5.1519
2025-01-01 09:43:34,3.9442,4.0168,4.2479,4.3276,4.9395,5.042
2025-01-01 09:43:36,4.0051,4.0884,4.3226,4.4112,5.0692,5.1839
2025-01-01 09:43:38,3.9003,3.9685,4.2282,4.3146,4.9252,5.0252
2025-01-01 09:43:40,3.9845,4.0689,4.2884,4.3684,5.1551,5.2603
2025-01-01 09:43:42,3.8254,3.9051,4.2352,4.318,5.0256,5.1326
2025-01-01 09:43:44,3.8306,3.9111,4.2351,4.3176,5.0169,5.1095
2025-01-01 09:43:46,3.9364,4.0257,4.2643,4.349,4.9804,5.0706
2025-01-01 09:43:48,3.9771,4.0565,4.2859,4.3767,5.0149,5.1153
2025-01-01 09:43:50,3.9409,4.0262,4.2508,4.3292,4.9575,5.0579
2025-01-01 09:43:52,3.9422,4.026,4.278,4.3638,4.9964,5.0822
2025-01-01 09:43:54,3.9209,3.9947,4.2784,4.3756,5.0025,5.0927
2025-01-01 09:43:56,3.816,3.8913,4.2328,4.3284,4.9924,5.0967
2025-01-01 09:43:58,4.0363,4.114,4.2613,4.3526,5.1229,5.2256
2025-01-01 09:44:00,3.9854,4.0674,4.2776,4.3627,5.0395,5.1421
2025-01-01 09:44:02,3.936,4.0153,4.2768,4.3662,4.9899,5.0983
2025-01-01 09:44:04,3.9435,4.0191,4.253,4.3427,4.9597,5.0507
2025-01-01 09:44:06,3.9855,4.0539,4.2728,4.3617,5.0441,5.144
2025-01-01 09:44:08,4.0233,4.1094,4.2193,4.3056,5.1069,5.2092
2025-01-01 09:44:10,3.9574,4.0316,4.3091,4.4033,4.9844,5.0856
2025-01-01 09:44:12,3.955,4.0326,4.2963,4.3919,5.1023,5.2132
2025-01-01 09:44:14,3.8883,3.963,4.2476,4.3403,5.0703,5.1734
2025-01-01 09:44:16,3.9265,4.0057,4.2448,4.3242,4.9524,5.0458
2025-01-01 09:44:18,3.9939,4.0761,4.2657,4.3575,5.0446,5.1414
2025-01-01 09:44:20,3.9808,4.0659,4.3028,4.3913,5.1658,5.2678
2025-01-01 09:44:22,3.9579,4.0339,4.3146,4.4031,5.1501,5.2459
2025-01-01 09:44:24,3.955,4.0238,4.2594,4.3522,4.9814,5.0826
2025-01-01 09:44:26,3.9067,3.9936,4.2508,4.3323,5.0632,5.1573
2025-01-01 09:44:28,4.0723,4.1427,4.2365,4.3144,5.0974,5.2149
2025-01-01 09:44:30,4.0032,4.0774,4.2535,4.3389,4.988,5.0875
2025-01-01 09:44:32,3.7931,3.8795,4.2343,4.3327,5.0016,5.1151
2025-01-01 09:44:34,4.0549,4.1317,4.2514,4.3341,5.1188,5.2194
2025-01-01 09:44:36,3.9949,4.0754,4.3275,4.4225,5.0741,5.1804
2025-01-01 09:44:38,3.9247,4.0078,4.2942,4.3954,4.9946,5.0941
2025-01-01 09:44:40,4.0194,4.1091,4.2837,4.3759,5.0101,5.1163
2025-01-01 09:44:42,3.9309,4.006,4.2593,4.3466,5.1189,5.2313
2025-01-01 09:44:44,3.8945,3.9687,4.2554,4.3461,5.0089,5.0995
2025-01-01 09:44:46,3.9742,4.0511,4.2872,4.3692,5.0191,5.12
2025-01-01 09:44:48,4.0164,4.0934,4.3619,4.4499,5.0865,5.1993
2025-01-01 09:44:50,3.8888,3.9601,4.209,4.2977,4.9597,5.0534
2025-01-01 09:44:52,4.0097,4.0987,4.2268,4.3023,5.0932,5.2027
2025-01-01 09:44:54,3.8966,3.9707,4.2577,4.3492,5.0843,5.1906
2025-01-01 09:44:56,3.9561,4.0374,4.3145,4.4031,5.1549,5.246
2025-01-01 09:44:58,3.8106,3.8818,4.238,4.3384,5.0308,5.1334
2025-01-01 09:45:00,3.935,4.0174,4.2649,4.3466,4.9884,5.0742
2025-01-01 09:45:02,3.9618,4.0407,4.2774,4.365,4.9992,5.0971
2025-01-01 09:45:04,3.8978,3.9773,4.2261,4.3093,4.9139,5.0187
2025-01-01 09:45:06,4.0269,4.1152,4.2561,4.3395,5.1119,5.2172
2025-01-01 09:45:08,3.97,4.0548,4.2845,4.3667,5.0171,5.1158
2025-01-01 09:45:10,3.9174,3.9944,4.252,4.3311,5.0599,5.1637
2025-01-01 09:45:12,3.8181,3.9082,4.241,4.3297,5.0359,5.1437
2025-01-01 09:45:14,3.9031,3.9732,4.2459,4.3207,5.0388,5.1324
2025-01-01 09:45:16,3.7709,3.8498,4.2204,4.3132,5.0567,5.1575
2025-01-01 09:45:18,4.0093,4.0915,4.2833,4.3718,4.9824,5.0806
2025-01-01 09:45:20,3.8893,3.9948,4.2442,4.3437,4.9512,5.0474
2025-01-01 09:45:22,3.8463,3.9156,4.2446,4.3334,5.039,5.1498
2025-01-01 09:45:24,3.8991,3.9794,4.2441,4.324,5.0411,5.1447
2025-01-01 09:45:26,3.9711,4.0528,4.3107,4.3893,5.1613,5.2652
2025-01-01 09:45:28,3.836,3.9143,4.2377,4.3313,5.1024,5.1996
2025-01-01 09:45:30,3.9244,4.0079,4.2426,4.3203,5.0178,5.1024
2025-01-01 09:45:32,3.9208,4.0027,4.2471,4.3321,5.0225,5.1163
2025-01-01 09:45:34,4.0464,4.1321,4.2528,4.3434,5.1162,5.2261
2025-01-01 09:45:36,3.9871,4.0661,4.3339,4.4141,5.0717,5.1741
2025-01-01 09:45:38,3.999,4.0708,4.2802,4.3792,5.0705,5.1743
2025-01-01 09:45:40,3.9915,4.0784,4.2766,4.366,4.9939,5.1012
2025-01-01 09:45:42,4.0697,4.1601,4.2347,4.3202,5.1048,5.202
2025-01-01 09:45:44,4.0631,4.1386,4.2871,4.3692,5.1367,5.2252
2025-01-01 09:45:46,3.9195,3.9925,4.2704,4.3686,4.9945,5.0991
2025-01-01 09:45:48,3.8904,3.9636,4.2143,4.301,4.9512,5.052
2025-01-01 09:45:50,4.061,4.1445,4.2279,4.3082,5.104,5.2049
2025-01-01 09:45:52,4.025,4.1034,4.2166,4.3062,5.0921,5.1895
2025-01-01 09:45:54,3.8846,3.9619,4.2191,4.3031,4.9566,5.0454
2025-01-01 09:45:56,3.952,4.0363,4.2644,4.3443,4.9821,5.0844
2025-01-01 09:45:58,3.9583,4.0376,4.2839,4.3702,4.9987,5.1004
2025-01-01 09:46:00,4.0183,4.087,4.297,4.3973,5.0456,5.1546
2025-01-01 09:46:02,3.8968,3.9865,4.2142,4.3069,4.9789,5.0914
2025-01-01 09:46:04,3.9968,4.0938,4.2874,4.3748,4.997,5.0892
2025-01-01 09:46:06,3.8895,3.9651,4.2556,4.3387,5.0748,5.18
2025-01-01 09:46:08,3.9249,4.0264,4.2644,4.3486,4.9768,5.0723
2025-01-01 09:46:10,3.9842,4.0723,4.2218,4.313,5.0857,5.1919
2025-01-01 09:46:12,3.8661,3.9463,4.2122,4.2983,5.0224,5.1162
2025-01-01 09:46:14,3.942,4.0146,4.2646,4.3432,4.9934,5.0748
2025-01-01 09:46:16,3.9407,4.0192,4.2869,4.3633,4.9909,5.0839
2025-01-01 09:46:18,3.9421,4.0199,4.2578,4.3504,4.9547,5.0529
2025-01-01 09:46:20,3.9001,3.9857,4.2683,4.343,4.9521,5.0654
2025-01-01 09:46:22,3.9169,3.9917,4.25,4.3392,4.9917,5.0976
2025-01-01 09:46:24,3.9944,4.0817,4.2991,4.3812,5.0877,5.1837
2025-01-01 09:46:26,3.9339,4.0179,4.2725,4.3505,4.9838,5.079
2025-01-01 09:46:28,3.8936,3.9736,4.2341,4.3117,4.9202,5.0283
2025-01-01 09:46:30,4.0371,4.1271,4.2906,4.3782,5.0218,5.1251
2025-01-01 09:46:32,3.9487,4.0292,4.2498,4.3326,4.9305,5.0332
2025-01-01 09:46:34,3.8264,3.9137,4.2365,4.3214,5.018,5.1154
2025-01-01 09:46:36,3.7995,3.8811,4.2252,4.3038,4.9501,5.0645
2025-01-01 09:46:38,3.8288,3.919,4.241,4.3188,5.0232,5.1156
2025-01-01 09:46:40,3.9021,3.9917,4.2676,4.3544,4.9923,5.0901
2025-01-01 09:46:42,3.9408,4.0147,4.2767,4.3609,4.9897,5.0867
2025-01-01 09:46:44,3.9672,4.0423,4.2662,4.3509,4.9379,5.0465
2025-01-01 09:46:46,3.7853,3.8725,4.2381,4.3238,5.0777,5.1723
2025-01-01 09:46:48,3.9359,4.0123,4.2591,4.3489,4.9808,5.0718
2025-01-01 09:46:50,3.8726,3.9613,4.2698,4.3557,4.9671,5.0602
2025-01-01 09:46:52,4.0212,4.1031,4.3593,4.4393,5.0736,5.1904
2025-01-01 09:46:54,3.9965,4.0784,4.263,4.362,5.047,5.1589
2025-01-01 09:46:56,4.0495,4.1333,4.3064,4.3888,5.1974,5.2956
2025-01-01 09:46:58,3.8145,3.8721,4.2265,4.3071,5.0148,5.1161
2025-01-01 09:47:00,3.9017,3.9796,4.241,4.321,5.0471,5.1504
2025-01-01 09:47:02,3.9285,4.0113,4.2289,4.3059,4.9241,5.0282
2025-01-01 09:47:04,3.9592,4.0382,4.25,4.3401,5.0245,5.1304
2025-01-01 09:47:06,4.0334,4.1111,4.2555,4.3371,5.1151,5.2122
2025-01-01 09:47:08,3.9433,4.0282,4.2518,4.3442,4.9804,5.083
2025-01-01 09:47:10,3.9284,4.0199,4.2591,4.3521,4.9786,5.0748
2025-01-01 09:47:12,3.9324,4.0116,4.251,4.323,4.9418,5.0367
2025-01-01 09:47:14,3.8697,3.9528,4.2129,4.3038,5.0159,5.1182
2025-01-01 09:47:16,3.9929,4.0763,4.2853,4.3721,5.0786,5.1798
2025-01-01 09:47:18,3.7956,3.8857,4.2298,4.3062,4.9621,5.0518
2025-01-01 09:47:20,4.033,4.1204,4.2944,4.3802,5.0196,5.1236
2025-01-01 09:47:22,3.9317,4.0091,4.2545,4.344,5.0052,5.1142
2025-01-01 09:47:24,4.0528,4.1272,4.2151,4.3035,5.0921,5.1975
2025-01-01 09:47:26,3.9132,3.9991,4.2468,4.3409,5.0201,5.1341
2025-01-01 09:47:28,3.9446,4.0257,4.274,4.364,5.0102,5.1099
2025-01-01 09:47:30,3.9082,3.986,4.2306,4.3147,4.9139,5.0154
2025-01-01 09:47:32,3.932,4.0057,4.2937,4.3855,4.9959,5.1061
2025-01-01 09:47:34,3.9066,3.9874,4.2455,4.331,4.9519,5.044
2025-01-01 09:47:36,3.9968,4.0823,4.287,4.3734,5.0715,5.1742
2025-01-01 09:47:38,3.941,4.0117,4.2825,4.3681,4.998,5.1147
2025-01-01 09:47:40,3.8888,3.9669,4.2433,4.317,4.9931,5.0865
2025-01-01 09:47:42,3.9277,4.0137,4.2853,4.3661,5.0064,5.1086
2025-01-01 09:47:44,3.9908,4.0704,4.3019,4.3874,5.0908,5.2078
2025-01-01 09:47:46,4.0591,4.1531,4.328,4.4164,5.1373,5.2451
2025-01-01 09:47:48,3.949,4.019,4.2699,4.3584,4.9739,5.0723
2025-01-01 09:47:50,3.979,4.0677,4.2306,4.3179,4.9552,5.0614
2025-01-01 09:47:52,4.0072,4.0841,4.2838,4.3661,4.9876,5.1001
2025-01-01 09:47:54,3.944,4.0177,4.2516,4.3381,4.9554,5.056
2025-01-01 09:47:56,3.8076,3.8789,4.2326,4.3155,5.0703,5.1708
2025-01-01 09:47:58,3.9546,4.0261,4.2632,4.3437,4.9778,5.0797
2025-01-01 09:48:00,3.9865,4.076,4.2706,4.3639,5.0485,5.141
2025-01-01 09:48:02,3.7878,3.8664,4.2223,4.3023,5.072,5.1688
2025-01-01 09:48:04,3.8919,3.9704,4.2449,4.3305,5.0815,5.1799
2025-01-01 09:48:06,3.9711,4.0626,4.2791,4.3663,5.1628,5.2601
2025-01-01 09:48:08,3.8875,3.9696,4.2179,4.3048,4.9621,5.0646
2025-01-01 09:48:10,3.9583,4.0408,4.2845,4.3758,5.0014,5.1005
2025-01-01 09:48:12,4.0229,4.1066,4.3118,4.3985,5.1687,5.2746
2025-01-01 09:48:14,3.8267,3.8928,4.2261,4.3254,5.0208,5.1289
2025-01-01 09:48:16,3.9595,4.0428,4.2725,4.3687,4.9856,5.102
2025-01-01 09:48:18,3.9903,4.0659,4.2167,4.3081,5.0932,5.202
2025-01-01 09:48:20,3.8307,3.9135,4.245,4.3348,5.044,5.1425
2025-01-01 09:48:22,3.9298,4.018,4.273,4.3677,4.989,5.1037
2025-01-01 09:48:24,3.9624,4.048,4.2821,4.3669,4.9922,5.0944
2025-01-01 09:48:26,3.8829,3.9661,4.2035,4.2944,4.9921,5.0899
2025-01-01 09:48:28,3.859,3.9458,4.2636,4.3455,5.0587,5.1729
2025-01-01 09:48:30,4.0546,4.1496,4.3276,4.4214,5.143,5.246
2025-01-01 09:48:32,4.0478,4.1269,4.2079,4.2894,5.0899,5.1989
2025-01-01 09:48:34,3.8159,3.8948,4.2406,4.3226,4.9952,5.0939
2025-01-01 09:48:36,3.9224,4.0135,4.2474,4.3332,5.0495,5.1618
2025-01-01 09:48:38,3.9133,3.9872,4.2513,4.3428,4.9697,5.0735
2025-01-01 09:48:40,3.8945,3.9666,4.2248,4.3129,5.0115,5.1049
2025-01-01 09:48:42,3.8981,3.968,4.2185,4.303,4.9931,5.0867
2025-01-01 09:48:44,3.9885,4.0698,4.2979,4.3814,5.1005,5.1942
2025-01-01 09:48:46,3.9057,3.9798,4.2285,4.3098,4.9244,5.0195
2025-01-01 09:48:48,3.9237,3.9983,4.3066,4.3888,4.9868,5.0939
2025-01-01 09:48:50,4.0315,4.1075,4.2475,4.3318,5.1109,5.2186
2025-01-01 09:48:52,3.9554,4.0295,4.2821,4.3702,5.0069,5.1202
2025-01-01 09:48:54,3.9482,4.0254,4.2474,4.3369,5.02,5.124
2025-01-01 09:48:56,3.9616,4.0497,4.292,4.3798,5.0204,5.1201
2025-01-01 09:48:58,3.8526,3.9321,4.2572,4.3334,5.0227,5.1365
2025-01-01 09:49:00,4.067,4.1556,4.2784,4.3755,5.1252,5.2409
2025-01-01 09:49:02,4.1358,4.2149,4.2956,4.3887,5.1659,5.2729
2025-01-01 09:49:04,3.93,4.0058,4.2229,4.3098,4.9426,5.03
2025-01-01 09:49:06,4.0634,4.1453,4.2355,4.3082,5.1018,5.2162
2025-01-01 09:49:08,3.8731,3.9515,4.2121,4.2841,4.9173,5.0242
2025-01-01 09:49:10,3.9405,4.0093,4.3106,4.4077,4.9725,5.0789
2025-01-01 09:49:12,4.0144,4.0935,4.2979,4.397,5.1153,5.2026
2025-01-01 09:49:14,4.0245,4.103,4.3068,4.4008,5.1753,5.2808
2025-01-01 09:49:16,3.8885,3.9574,4.2165,4.2987,4.9729,5.0644
2025-01-01 09:49:18,3.8912,3.9738,4.2262,4.2987,5.0051,5.1017
2025-01-01 09:49:20,4.0047,4.079,4.3268,4.4081,5.0774,5.1741
2025-01-01 09:49:22,4.0538,4.122,4.2097,4.2855,5.0959,5.1933
2025-01-01 09:49:24,3.8491,3.9256,4.2578,4.3448,5.0965,5.2109
2025-01-01 09:49:26,3.8982,3.9699,4.2176,4.3085,4.9513,5.0542
2025-01-01 09:49:28,3.8596,3.9274,4.2075,4.3003,5.0131,5.1157
2025-01-01 09:49:30,4.044,4.127,4.2478,4.3385,5.1202,5.2249
2025-01-01 09:49:32,4.0429,4.1315,4.2398,4.3458,5.1283,5.2144
2025-01-01 09:49:34,3.9662,4.0451,4.3177,4.411,5.0378,5.1418
2025-01-01 09:49:36,3.9616,4.0482,4.2889,4.3741,5.0277,5.1128
2025-01-01 09:49:38,3.9852,4.0658,4.2827,4.3693,4.9989,5.1234
2025-01-01 09:49:40,3.8889,3.9611,4.2182,4.3056,4.9147,5.0297
2025-01-01 09:49:42,3.8969,3.9729,4.2545,4.3396,4.9785,5.0779
2025-01-01 09:49:44,4.0389,4.1292,4.2569,4.3389,5.1267,5.2149
2025-01-01 09:49:46,3.8042,3.8838,4.2183,4.3142,4.9568,5.0508
2025-01-01 09:49:48,4.0414,4.1359,4.2727,4.3601,5.112,5.2102
2025-01-01 09:49:50,3.9221,4.0021,4.3263,4.3965,5.0147,5.1151
2025-01-01 09:49:52,3.9847,4.0658,4.2124,4.3136,5.0941,5.1961
2025-01-01 09:49:54,3.8832,3.9691,4.2221,4.2962,4.9173,5.017
2025-01-01 09:49:56,3.8266,3.9019,4.2238,4.3301,5.0321,5.1253
2025-01-01 09:49:58,3.8822,3.9602,4.266,4.35,4.9727,5.0658
2025-01-01 09:50:00,4.0552,4.1504,4.2804,4.3724,5.1374,5.2373
2025-01-01 09:50:02,3.998,4.0721,4.2818,4.3672,5.015,5.1072
2025-01-01 09:50:04,4.0227,4.108,4.2323,4.3109,5.1004,5.1944
2025-01-01 09:50:06,3.8282,3.9054,4.2504,4.336,5.043,5.1423
2025-01-01 09:50:08,3.919,3.9947,4.2517,4.3422,5.0588,5.1608
2025-01-01 09:50:10,3.8869,3.973,4.2417,4.3181,5.035,5.1339
2025-01-01 09:50:12,3.8842,3.9661,4.2047,4.2911,4.9223,5.0385
2025-01-01 09:50:14,3.8987,3.9591,4.2285,4.3027,4.9255,5.0191
2025-01-01 09:50:16,4.0252,4.0945,4.2249,4.3083,5.104,5.2093
2025-01-01 09:50:18,3.9568,4.0257,4.3173,4.4004,4.9934,5.0963
2025-01-01 09:50:20,3.9474,4.0296,4.2774,4.3651,5.128,5.2445
2025-01-01 09:50:22,3.9425,4.0178,4.2769,4.3584,4.9933,5.0928
2025-01-01 09:50:24,4.0159,4.1023,4.362,4.4443,5.0841,5.1961
2025-01-01 09:50:26,3.9035,3.9827,4.2637,4.3537,4.989,5.0874
2025-01-01 09:50:28,3.8063,3.8836,4.2386,4.3259,5.0018,5.0935
2025-01-01 09:50:30,4.0714,4.1506,4.2755,4.3537,5.1148,5.213
2025-01-01 09:50:32,3.952,4.0263,4.2461,4.3297,4.933,5.0201
2025-01-01 09:50:34,4.0096,4.0888,4.2771,4.3684,5.0605,5.164
2025-01-01 09:50:36,3.9308,4.0144,4.3198,4.4071,4.9733,5.0767
2025-01-01 09:50:38,4.0579,4.1413,4.3368,4.4103,5.1401,5.2441
2025-01-01 09:50:40,3.8488,3.93,4.253,4.3435,5.1183,5.2047
2025-01-01 09:50:42,4.032,4.1047,4.2153,4.2986,5.0883,5.1926
2025-01-01 09:50:44,4.0058,4.0855,4.2333,4.3039,5.101,5.2246
2025-01-01 09:50:46,3.9803,4.0518,4.2597,4.3486,5.0582,5.1463
2025-01-01 09:50:48,3.8913,3.9521,4.2538,4.3377,5.0642,5.1706
2025-01-01 09:50:50,3.9869,4.0703,4.3346,4.4225,5.0744,5.1782
2025-01-01 09:50:52,3.8174,3.9024,4.2442,4.3227,5.0372,5.1324
2025-01-01 09:50:54,3.9294,4.012,4.2847,4.3665,4.9997,5.0962
2025-01-01 09:50:56,3.9865,4.0694,4.2725,4.3554,4.9735,5.0622
2025-01-01 09:50:58,3.9013,3.9699,4.268,4.3568,5.1018,5.201
2025-01-01 09:51:00,3.9215,4.0029,4.2791,4.371,4.9878,5.0955
2025-01-01 09:51:02,3.8618,3.9509,4.216,4.3008,5.0205,5.1178
2025-01-01 09:51:04,4.0399,4.1212,4.2973,4.3844,5.0248,5.1274
2025-01-01 09:51:06,3.9144,3.9954,4.254,4.3399,4.998,5.1026
2025-01-01 09:51:08,3.8786,3.9646,4.2347,4.3294,4.9675,5.063
2025-01-01 09:51:10,3.8229,3.8953,4.2443,4.3303,5.0131,5.1345
2025-01-01 09:51:12,3.9471,4.0301,4.2604,4.3447,4.9691,5.0838
2025-01-01 09:51:14,3.7969,3.8838,4.2209,4.3158,5.0214,5.1157
2025-01-01 09:51:16,3.9774,4.0502,4.2822,4.3673,5.01,5.1172
2025-01-01 09:51:18,4.0662,4.1449,4.2905,4.37,5.1497,5.2646
2025-01-01 09:51:20,3.9887,4.0746,4.305,4.3989,5.0376,5.1585
2025-01-01 09:51:22,3.8646,3.9405,4.2122,4.2968,5.0123,5.1159
2025-01-01 09:51:24,3.9918,4.0724,4.3037,4.3932,5.1657,5.274
2025-01-01 09:51:26,3.7985,3.8749,4.2353,4.3285,5.0345,5.1329
2025-01-01 09:51:28,3.9945,4.0814,4.2983,4.3849,5.019,5.1261
2025-01-01 09:51:30,3.9511,4.0281,4.2538,4.3334,4.935,5.0321
2025-01-01 09:51:32,3.9626,4.0484,4.3051,4.3888,5.1569,5.2665
2025-01-01 09:51:34,3.7755,3.8544,4.2283,4.3148,5.0697,5.1726
2025-01-01 09:51:36,4.0416,4.1185,4.2603,4.3426,5.1165,5.227
2025-01-01 09:51:38,3.9026,3.9939,4.2564,4.3302,4.9823,5.0872
2025-01-01 09:51:40,3.9027,3.9831,4.2535,4.3503,4.9818,5.0784
2025-01-01 09:51:42,3.9401,4.0292,4.2912,4.3809,5.0286,5.1241
2025-01-01 09:51:44,3.9072,3.9817,4.2218,4.3142,4.9792,5.074
2025-01-01 09:51:46,3.9508,4.0325,4.271,4.3574,5.0002,5.0984
2025-01-01 09:51:48,3.9643,4.0517,4.2719,4.3492,5.0094,5.1058
2025-01-01 09:51:50,3.824,3.9145,4.2352,4.3224,5.025,5.1263
2025-01-01 09:51:52,3.987,4.0841,4.3447,4.4347,5.0476,5.1637
2025-01-01 09:51:54,4.0058,4.0888,4.2932,4.3734,5.0001,5.0973
2025-01-01 09:51:56,3.9421,4.0181,4.2699,4.3597,4.9811,5.0941
2025-01-01 09:51:58,3.9524,4.0218,4.2745,4.3568,5.0097,5.0929
2025-01-01 09:52:00,4.0279,4.0994,4.2176,4.308,5.1229,5.2327
2025-01-01 09:52:02,3.8875,3.9816,4.2779,4.3512,5.0945,5.2129
2025-01-01 09:52:04,3.9645,4.0339,4.3122,4.4053,5.0514,5.1356
2025-01-01 09:52:06,3.9101,3.9907,4.2539,4.3364,5.0966,5.1898
2025-01-01 09:52:08,3.9331,4.011,4.2773,4.3592,5.0048,5.1155
2025-01-01 09:52:10,3.9516,4.0312,4.2719,4.3464,4.9936,5.0961
2025-01-01 09:52:12,3.9517,4.024,4.2725,4.3533,4.9889,5.0937
2025-01-01 09:52:14,3.9012,3.978,4.2642,4.355,5.0967,5.194
2025-01-01 09:52:16,3.8033,3.8734,4.2469,4.3225,5.025,5.1308
2025-01-01 09:52:18,3.9918,4.0783,4.221,4.3139,5.0985,5.1926
2025-01-01 09:52:20,4.0081,4.0825,4.2926,4.3808,5.0363,5.1382
2025-01-01 09:52:22,3.9452,4.0396,4.2879,4.3676,4.9904,5.0847
2025-01-01 09:52:24,3.9016,3.996,4.224,4.3161,4.9218,5.017
2025-01-01 09:52:26,3.9157,3.9909,4.2423,4.3365,5.0358,5.1305
2025-01-01 09:52:28,3.9529,4.0299,4.2586,4.347,4.967,5.0568
2025-01-01 09:52:30,3.9296,4.0096,4.2346,4.3259,4.9518,5.0426
2025-01-01 09:52:32,3.8359,3.9146,4.2585,4.3342,5.0511,5.1586
2025-01-01 09:52:34,4.0663,4.1357,4.2841,4.3725,5.1509,5.2647
2025-01-01 09:52:36,4.0228,4.1092,4.2465,4.3431,5.1176,5.2212
2025-01-01 09:52:38,3.8954,3.9702,4.2219,4.2933,4.989,5.0848
2025-01-01 09:52:40,3.8497,3.934,4.2341,4.3306,4.9457,5.052
2025-01-01 09:52:42,3.98,4.0692,4.2968,4.3824,5.1696,5.2706
2025-01-01 09:52:44,3.9924,4.0659,4.2636,4.3541,5.0382,5.146
2025-01-01 09:52:46,3.9106,3.9831,4.2517,4.3328,4.9936,5.0847
2025-01-01 09:52:48,3.9157,3.9857,4.2426,4.3331,5.0338,5.1326
2025-01-01 09:52:50,3.8182,3.8995,4.2307,4.322,5.0197,5.1204
2025-01-01 09:52:52,3.9096,3.9856,4.2257,4.3136,4.9205,5.0184
2025-01-01 09:52:54,4.0617,4.1487,4.2188,4.3067,5.0988,5.1948
2025-01-01 09:52:56,3.9125,3.9843,4.2466,4.3432,4.9814,5.0728
2025-01-01 09:52:58,3.9791,4.0573,4.2677,4.3666,5.0403,5.1481
2025-01-01 09:53:00,3.9842,4.0705,4.2806,4.3634,5.1577,5.2471
2025-01-01 09:53:02,3.9494,4.0269,4.2502,4.3469,4.9551,5.0638
2025-01-01 09:53:04,3.9293,4.0078,4.3036,4.3885,4.989,5.0909
2025-01-01 09:53:06,3.9588,4.0487,4.3025,4.3879,5.1564,5.2658
2025-01-01 09:53:08,3.899,3.9771,4.2723,4.3595,5.0886,5.2078
2025-01-01 09:53:10,3.981,4.0757,4.3035,4.3899,5.0914,5.1953
2025-01-01 09:53:12,3.9004,3.9801,4.2601,4.3535,4.9643,5.056
2025-01-01 09:53:14,3.8968,3.9799,4.2602,4.3439,4.9732,5.0885
2025-01-01 09:53:16,3.9935,4.0669,4.2644,4.3485,4.9578,5.06
2025-01-01 09:53:18,3.9154,3.9891,4.2453,4.3204,4.9776,5.076
2025-01-01 09:53:20,3.8103,3.8871,4.2315,4.3132,5.0412,5.1286
2025-01-01 09:53:22,4.0613,4.1433,4.27,4.3652,5.1127,5.2104
2025-01-01 09:53:24,3.9057,3.987,4.2525,4.3413,5.005,5.088
2025-01-01 09:53:26,3.8321,3.9058,4.2633,4.3324,5.0548,5.1566
2025-01-01 09:53:28,3.829,3.908,4.2418,4.3235,5.0256,5.127
2025-01-01 09:53:30,4.0386,4.1163,4.2607,4.3394,5.1231,5.2166
2025-01-01 09:53:32,3.8983,3.9874,4.255,4.3385,4.9712,5.074
2025-01-01 09:53:34,3.7858,3.8588,4.2142,4.3091,5.0585,5.1656
2025-01-01 09:53:36,3.7936,3.8738,4.23,4.3275,5.0421,5.1415
2025-01-01 09:53:38,3.7857,3.8689,4.2362,4.3252,5.0774,5.1802
2025-01-01 09:53:40,3.8121,3.9032,4.2371,4.3278,5.0199,5.1228
2025-01-01 09:53:42,3.886,3.9688,4.2105,4.3119,4.9209,5.0264
2025-01-01 09:53:44,4.0381,4.1266,4.279,4.3618,5.1072,5.2128
2025-01-01 09:53:46,3.9289,4.0214,4.2834,4.3775,5.0089,5.1096
2025-01-01 09:53:48,3.9675,4.0473,4.328,4.4169,5.0561,5.1584
2025-01-01 09:53:50,3.9927,4.065,4.2983,4.3852,5.0246,5.1194
2025-01-01 09:53:52,3.9418,4.0123,4.2458,4.3311,5.041,5.1464
2025-01-01 09:53:54,3.9818,4.0764,4.2236,4.3085,5.0865,5.1983
2025-01-01 09:53:56,3.8559,3.9353,4.2066,4.2986,5.0144,5.1149
2025-01-01 09:53:58,3.9421,4.0241,4.2834,4.3744,5.0338,5.1284
2025-01-01 09:54:00,4.0119,4.0927,4.2795,4.368,5.059,5.1761
2025-01-01 09:54:02,3.9255,4.004,4.2475,4.329,5.0473,5.1479
2025-01-01 09:54:04,4.0829,4.1636,4.2917,4.3811,5.1583,5.2531
2025-01-01 09:54:06,3.8388,3.9152,4.2315,4.3197,5.0246,5.1237
2025-01-01 09:54:08,3.8672,3.9581,4.2155,4.2983,4.9231,5.0224
2025-01-01 09:54:10,3.928,4.0019,4.244,4.331,5.0481,5.1466
2025-01-01 09:54:12,3.8889,3.9689,4.2776,4.358,5.1001,5.1965
2025-01-01 09:54:14,4.0545,4.1475,4.2777,4.3677,5.1377,5.2343
2025-01-01 09:54:16,3.9971,4.076,4.3006,4.3964,5.1762,5.2795
